2880 5024
537 654 880 747 PRAEFATIO.

76 1284 209 1377 {FUl’l'
239 1308 277 1369 iis
301 1304 488 1381 bominibus,
511 1304 564 1387 qui
589 1304 704 1389 scripta
720 1320 856 1371 veterum
870 1308 1085 1391 explanirunt,
1114 1312 1174 1375 lroc
1187 1312 1219 1373 in
1247 1308 1332 1371 omni

86 1436 182 1489 etate
197 1420 354 1485 familiare
363 1419 486 1480 vitium:
510 1430 544 1479 ut
557 1438 590 1479 sc
602 1420 746 1501 primum,
760 1432 917 1483 auctorem
933 1424 1044 1485 deinde
1061 1444 1159 1501 suum,
1176 1424 1332 1487 illustran-

86 1536 147 1601 dos
157 1534 376 1615 ornandosque
389 1530 593 1613 susceperint3
617 1552 679 1607 cos,
691 1554 821 1613 quorum
831 1536 999 1597 seriberent
1008 1538 1120 1617 gratib,
1131 1510 1343 1600 nultoadmol·

87 1648 210 1713 dumio
227 1647 297 1709 leco
312 1668 348 1709 ac
364 1666 490 1707 numero
520 1644 693 1707 habuerint.
740 1645 803 1707 Aut
817 1647 897 1707 enim
910 1648 1045 1711 scribere
1071 1650 1178 1711 otiosis
1190 1649 1333 1711 videntur

47 1755 67 1810 Ἀ
87 1762 237 1837 voluisse,
253 1762 363 1843 quibus
385 1761 426 1823 ad
441 1758 536 1822 libelli
550 1758 786 1841 intelligentiam
812 1760 963 1821 interdurn
978 1760 1051 1823 satis
1072 1763 1177 1842 exigui
1193 1762 1290 1823 multa
1303 1774 1335 1823 et

90 1896 211 1957 magna
221 1874 512 1937 commentationum
536 1871 696 1933 volumina
711 1872 834 1957 placere
847 1888 990 1957 posscnt3
1015 1888 1067 1935 aut
1076 1876 1202 1937 eruditis
1218 1876 1292 1937 viris
1303 1888 1336 1937 et

91 1988 296 2054 maximarum
307 2006 407 2065 rerum
415 1986 667 2067 cognitionejam
681 1986 817 2063 imbutis,
828 1986 881 2069 qui
894 1986 974 2048 leria
986 2002 1016 2047 et
1029 1990 1207 2049 communia
1217 1988 1335 2049 lastidi-

91 2114 173 2167 rent.
217 2098 281 2181 Qui
295 2098 367 2161 verb
383 2098 658 2183 primosjuvenum
685 2112 814 2161 conatus
828 2100 975 2181 adjuvare
991 2120 1053 2161 uon
1069 2099 1088 2161 b
1103 2099 1160 2161 sui
1184 2076 1336 2179 dignitate

92 2187 237 2281 alienuni
245 2213 376 2289 duceret,
389 2213 443 2274 vix
455 2212 474 2275 'e
486 2212 552 2275 totti
565 2213 763 2297 interpretum
780 2228 872 2295 gente
898 2236 977 2277 unus
999 2230 1092 2299 atque
1104 2215 1183 2277 alter
1193 2214 1339 2277 inventur

93 2341 150 2393 est
195 2326 405 2389 ldcircohanc
421 2338 550 2407 partem,
570 2326 669 2408 propi·
683 2326 887 2409 depositamb
909 2332 1039 2406 caeteris,
1056 2330 1142 2393 tamti
1170 2328 1338 2393 studiosius

95 2440 212 2523 suscipi
223 2438 335 2515 voluit,
344 2440 395 2519 qui
402 2453 446 2501 est
459 2440 498 2499 ab
507 2438 871 2521 RegeClrristianissimo
882 2440 1075 2507 Serenissimi
1086 2444 1235 2528 Delphini
1249 2444 1338 2505 insti-

58 2554 212 2660 ··tutioni
227 2550 653 2635 praepositus,lllustrissimus
668 2552 871 2619 Montauserii
880 2556 977 2637 Dur;
1000 2558 1117 2641 quantd
1130 2558 1208 2641 regii
1220 2557 1338 2621 alumni

96 2668 233 2735 indolem
248 2666 288 2727 nd
304 2660 514 2749 pernoscenda
526 2680 661 2729 veterum
673 2689 769 2751 opera
780 2673 1013 2755 propensiorem
1028 2672 1154 2735 videbat
1167 2695 1176 2729 τ
1199 2685 1293 2754 atque
1304 2682 1340 2731 ut

98 2780 251 2863 Princeps
260 2778 621 2863 optimusprodessejam
632 2794 695 2841 tum
709 2781 856 2864 inciperet
869 2786 941 2861 suis,
950 2800 980 2847 et
995 2784 1079 2847 orbis
1092 2784 1216 2849 utilitati
1232 2799 1340 2849 natum

100 2916 130 2959 te
145 2893 352 2975 intelligeret3
375 2892 441 2955 baec
456 2892 648 2976 privatorum
664 2894 729 2975 ejus
758 2896 928 2961 studiorum
944 2899 1174 2981 qualiacunque
1189 2898 1338 2971 subsidia,

68 3063 71 3069 .
101 3008 225 3095 publica
239 3006 339 3069 lacere
353 3006 555 3069 etiamrisum
570 3021 625 3069 est.
1310 3071 1326 3083 ,,

141 3120 203 3185 llis
217 3142 277 3201 ego
293 3120 470 3183 auctoribus
483 3140 520 3181 ac
534 3118 673 3197 ducibus,
703 3121 735 3185 in
751 3121 809 3185 nte
824 3122 952 3205 Virgilii
969 3122 1198 3206 explanatione,
1227 3134 1342 3207 praeter

103 3234 260 3299 brevitatis
275 3234 444 3315 nitarisque
458 3232 603 3309 studium,
617 3233 648 3294 id
665 3234 814 3317 imprimis
830 3234 906 3295 mibi
920 3236 1090 3320 proposui3
1110 3237 1243 3320 publicis
1255 3256 1342 3300 com·

105 3348 212 3426 nodis,
223 3370 287 3411 non
303 3367 381 3409 meoe
397 3366 446 3407 me
461 3344 544 3407 laudi
559 3347 682 3407 servire.
713 3344 814 3429 Igitur
828 3346 966 3413 versibus
979 3351 1272 3434 inierpretationem,
1285 3368 1343 3411 no·

106 3477 153 3529 tat
163 3461 407 3549 interpretationi
424 3460 548 3542 subjeci.
570 3460 614 3523 Et
627 3482 694 3523 eum
707 3464 830 3545 quidem
843 3464 1104 3548 interpretationis
1117 3467 1266 3549 optimum
1277 3484 1344 3527 esse

77 3565 81 3576 ’
108 3576 311 3640 tlnnlmodum
322 3598 333 3653 ;
346 3574 482 3666 primirm
495 3587 527 3636 ut
539 3588 617 3637 esset
628 3577 790 3655 contiuua;
804 3599 851 3655 ne,
860 3578 933 3639 (lum
943 3578 1170 3655 ornittosucilia,
1184 3576 1346 3641 nonnulla

109 3690 207 3769 etiarn,
223 3704 258 3751 ut
271 3690 317 3766 fit,
331 3688 469 3753 difficilia
481 3689 686 3771 praeterirem:
710 3704 773 3751 tum
783 3704 817 3752 ut
830 3692 972 3775 expedita
985 3691 1116 3773 poeticis
1128 3690 1263 3753 numeris
1275 3708 1344 3750 ver·

111 3820 193 3867 tuom
202 3802 355 3865 sententio
366 3802 554 3877 redderetur,
564 3800 658 3885 plano
671 3816 816 3883 rectoque
827 3802 945 3878 ordine,
956 3802 1058 3867 verbis
1068 3804 1195 3864 totidem
1206 3801 1295 3879 aliis;
1311 3814 1345 3861 ut

111 3930 218 4001 peter
232 3916 296 3976 rim
312 3934 493 3997 sensumque
502 3916 678 3989 verborum,
694 3914 785 3975 etium
801 3936 907 3975 eorum
921 3916 1012 3997 copia
1027 3927 1268 3997 compararetur.
1306 3909 1347 3972 Io

111 4032 198 4105 notis,
210 4025 334 4109 neglexi
349 4025 436 4103 nibil,
446 4028 533 4111 cujus
544 4026 576 4087 in
585 4027 717 4107 legendo
734 4024 868 4107 Virgilio
881 4046 1024 4087 nsusesse
1039 4026 1150 4107 aliquis
1165 4036 1268 4109 posset
1278 4046 1288 4101 3
1298 4018 1346 4081 ni-

111 4138 154 4205 l'd
168 4141 208 4202 ad
222 4143 317 4203 sulam
329 4140 495 4203 literaturae
504 4141 741 4205 ostentationem
757 4140 912 4223 usurpari.

152 4254 257 4334 Atque
265 4252 295 4315 id
305 4252 428 4335 quidem
440 4252 516 4314 mihi
526 4254 545 4313 it
557 4251 683 4315 summis
693 4250 767 4312 viris
774 4250 948 4334 impositum
960 4250 1074 4331 quantit
1087 4251 1147 4313 sule
1159 4244 1346 4333 perfecerim,

118 4360 283 4428 declarabit
297 4364 419 4445 fructus,
432 4379 468 4430 ut
479 4386 581 4449 spero,
597 4386 659 4427 non
673 4364 835 4425 mediocris
851 4364 923 4423 inde
938 4362 1161 4445 percipiendus.
1192 4355 1350 4439 quamsit
1398 4342 1401 4347 ¹

74 4495 110 4620 pe.
119 4490 213 4543 tutem
223 4476 303 4543 acite
317 4478 545 4565 prudenterque
557 4477 741 4553 institutum,
771 4498 807 4540 ex
821 4478 928 4540 iisdem
941 4478 1014 4559 ipsis
1028 4476 1148 4543 consilii
1174 4472 1352 4537 electoribun

62 4593 72 4620 ⁶
719 4575 731 4632 l
