2888 5026
100 170 132 233 vi
480 158 519 225 P.
542 158 737 227 VIRGlLII
758 157 964 227 MARONIS

102 312 338 378 domrisvocat:
361 323 391 373 et
405 308 504 372 solum
518 322 619 392 rogat,
634 330 674 371 an
689 308 766 371 sciat
801 309 921 372 uisuam
936 322 1023 387 esset,
1036 323 1067 373 et
1081 278 1174 394 quium
1188 309 1229 374 ad
1243 312 1341 377 felici·
1426 360 1430 365 -

102 399 214 461 tandos
238 397 375 459 homines
398 394 575 457 facultatem
589 390 726 456 baberet.
770 332 865 471 lion,
878 395 979 479 inquit
999 394 1103 474 Maro,
1125 408 1157 458 te
1179 392 1341 463 Caesarenr

102 484 297 567 Augustum:
320 493 350 543 et
364 478 458 543 ferme
474 498 597 561 aequam
620 500 691 541 cum
706 476 777 540 Diis
791 480 1016 551 immortalibus
1030 493 1210 563 potestatem
1226 482 1342 546 habere

103 569 179 646 scio,
195 583 230 632 ut
244 586 333 651 quem
346 565 394 628 vis
406 563 525 627 felicem
538 563 645 627 facias.
689 563 741 627 Eo
751 564 854 626 animo
867 584 944 643 sum,
958 567 1121 649 respondet
1133 565 1254 644 Caesar,
1268 580 1303 629 ut
1314 568 1341 630 si

103 675 210 717 rerum
224 673 281 737 pro
295 664 407 733 rogatu
422 648 545 726 dixeris,
568 650 693 712 beatum
714 662 745 711 te
766 648 946 733 felicemque
960 651 1096 713 reddam.
1139 649 1280 731 Utinam,
1296 653 1343 717 ait

103 737 207 815 Maro,
228 735 431 816 interroganti
453 734 509 797 tibi
531 756 606 796 vera
627 733 731 797 dicere
749 756 870 817 queam.
914 734 1008 798 Tunc
1022 737 1199 819 Augustus:
1221 736 1341 801 Putant

104 823 158 888 alii
168 844 215 885 me
227 838 331 884 natum
344 819 496 898 Octavi03
518 820 644 902 quidam
657 819 851 903 suspicantur
863 820 925 884 alio
935 842 984 883 me
996 822 1134 903 genitum
1145 823 1223 884 viro.
1267 822 1340 885 Ma·

104 930 140 971 ro
162 907 338 985 subridens;
360 903 480 982 Facile,
504 904 613 987 inquit,
637 905 662 967 si
685 904 822 987 impune,
838 905 1025 989 licenterque
1040 928 1111 989 quae
1134 907 1230 968 sentio
1252 907 1339 990 loqui

98 994 200 1076 jubes,
224 991 256 1053 id
280 991 392 1052 dicam.
436 989 579 1053 Affirmat
594 989 705 1053 Caesar
712 991 928 1072 jurejurando,
945 990 1064 1054 nullum
1088 993 1154 1073 ejus
1178 992 1292 1054 dictum
1308 1013 1340 1055 se

104 1078 190 1159 aegre
214 1076 367 1153 latururn3
389 1074 452 1137 itud
476 1096 539 1137 non
566 1075 624 1138 nisi
649 1076 797 1137 donatum
821 1077 914 1137 abeo
929 1076 1144 1139 discessurum.
1187 1075 1240 1140 Ad
1261 1078 1339 1155 haec,

103 1162 210 1225 oculos
234 1160 332 1222 oculis
355 1160 491 1241 Augusti
506 1161 638 1241 intigens
652 1158 763 1237 Mar03
785 1158 934 1236 Facilius,
948 1161 1001 1236 ait,
1017 1161 1050 1223 in
1064 1161 1186 1224 crateris
1200 1162 1341 1225 animali-

103 1249 160 1311 bus
181 1244 344 1328 qualitates
358 1258 520 1328 parentum
530 1243 766 1317 ‚mathematicis
780 1258 812 1306 et
825 1243 1018 1327 philosophis
1033 1244 1181 1327 cognosci
1195 1260 1343 1329 possunt;

104 1333 136 1397 in
151 1330 273 1393 homine
283 1351 478 1413 nequaquam
491 1328 639 1415 possibile
653 1341 708 1391 est.
753 1328 817 1391 Sed
829 1330 867 1391 de
883 1342 913 1390 te
924 1330 1133 1411 conjecturam
1145 1330 1245 1395 habeo
1258 1333 1343 1396 simi·

103 1419 164 1482 lem
178 1414 253 1493 veri,
275 1429 310 1477 nt
328 1414 403 1498 quid
418 1414 589 1477 exercuerit
601 1426 690 1496 pater
705 1427 784 1491 tuus,
797 1413 876 1477 scire
889 1414 1015 1496 possim.
1058 1415 1185 1477 Attente
1198 1430 1343 1499 expecta·

101 1502 157 1565 bat
170 1501 330 1583 Augustus
345 1500 492 1583 quidnam
516 1499 640 1562 diceret.
684 1500 728 1562 At
741 1498 812 1579 ille;
833 1498 993 1581 Quantum
1007 1520 1069 1581 ego
1083 1519 1148 1562 rem
1171 1500 1345 1584 intelligere

102 1608 239 1673 possim,
255 1585 378 1669 pistoris
393 1584 475 1648 filias
489 1607 531 1663 es,
547 1584 656 1667 iuquit.
701 1583 801 1648 Obstu
826 1598 913 1647 uerat
926 1583 1047 1662 Coesar,
1063 1598 1093 1647 et
1107 1586 1209 1649 statim
1224 1608 1287 1670 quo
1311 1588 1344 1651 id

103 1685 196 1771 pacto
220 1671 285 1733 fieri
310 1672 454 1755 potuerit,
478 1668 581 1733 animo
604 1668 758 1733 volvebat.
801 1606 1032 1752 interrumpens
1053 1668 1225 1753 Virgilius:
1249 1672 1343 1750 Audi,

103 1756 213 1840 inquit,
227 1778 289 1838 quo
299 1771 392 1840 pacto
404 1757 437 1818 id
451 1755 594 1837 conjicio.
638 1752 723 1818 Cirm
738 1756 881 1838 qusedam
893 1755 1122 1819 enunciaverim
1131 1757 1345 1840 praedixerim·

103 1862 173 1925 que,
197 1862 268 1925 quae
292 1840 424 1923 intelligi
449 1839 582 1924 scirique
604 1860 669 1903 non
691 1840 750 1903 uisi
772 1842 813 1903 ab
835 1840 1047 1903 eruditissimis
1069 1841 1255 1925 summisque
1269 1843 1345 1905 viris

103 1927 283 2027 potuissent,
307 1940 339 1989 tu
363 1927 506 2010 princeps
522 1927 606 1990 orbis
620 1926 731 1991 iterum
743 1927 895 1989 etiterum
908 1946 1006 2008 panes
1026 1926 1059 1989 in
1080 1928 1253 1992 mercedem
1276 1928 1345 1991 dari

97 2012 216 2096 jussisti
224 2034 234 2092 3
257 2012 340 2095 quod
354 2012 477 2096 quidem
492 2025 546 2074 aut
560 2012 694 2095 pistoris,
719 2024 773 2075 aut
795 2011 861 2075 nati
873 2011 989 2095 pistore
1000 2012 1136 2075 officium
1149 2026 1226 2076 erat.
1269 2012 1345 2075 Pla-

104 2096 169 2161 cuit
183 2094 304 2161 Caesari
320 2098 441 2160 facetia.
485 2097 530 2160 At
543 2097 651 2159 deince
673 2118 697 2174 s,
721 2097 821 2180 inquit
843 2096 964 2176 Caeam,
989 2118 1052 2161 nou
1075 2098 1095 2159 s
1138 2096 1241 2176 istum,
1257 2098 1347 2161 sads

103 2183 393 2331 regedmagnauimo
407 2182 491 2247 dona
513 2181 600 2245 feres.
644 2119 799 2264 iilumque
813 2182 939 2267 plurimi
960 2182 1042 2261 fecit,
1061 2195 1094 2246 et
1106 2120 1246 2247 Collioui
1260 2204 1346 2247 corn·

104 2288 175 2331 men
197 2282 271 2331 avrt.
384 2282 387 2295 '

147 2352 291 2436 Corpore
305 2363 336 2415 et
350 2350 468 2415 staturi
481 2351 539 2415 fuit
562 2352 687 2435 grandi,
702 2350 841 2434 aquilino
855 2353 970 2430 colore,
986 2354 1066 2419 facie
1079 2352 1245 2431 rusticana,
1260 2352 1346 2415 vale·

103 2438 211 2502 tudine
222 2436 328 2517 varisi3
349 2458 421 2500 nam
440 2436 621 2521 plerumque
633 2438 673 2500 ab
686 2438 845 2500 stomacho
860 2452 891 2501 et
904 2437 1047 2502 faucibus
1061 2461 1099 2503 ao
1112 2439 1222 2503 dolore
1235 2459 1274 2501 ca
1296 2437 1346 2500 itis

104 2523 269 2586 laborabat
275 2545 286 2602 3
308 2522 490 2605 sanguinem
505 2522 599 2585 etiarn
610 2522 724 2607 saepius
739 2523 842 2604 ejecit.
886 2522 961 2586 Cibi
974 2524 1100 2605 vinique
1109 2524 1239 2587 minimi.
1313 2543 1347 2585 a·

103 2628 156 2673 ma
169 2619 216 2670 est
229 2629 300 2669 eum
313 2606 451 2670 libidinis
463 2607 617 2690 pronioris
630 2609 662 2672 in
677 2628 789 2691 pueros
804 2607 915 2688 fuisse3
938 2609 990 2670 sed
1003 2609 1079 2671 boui
1091 2610 1136 2671 ita
1150 2628 1220 2671 eum
1234 2628 1349 2690 pueros

104 2691 222 2756 amisse
238 2705 433 2775 putaverunt,
448 2705 483 2754 ut
497 2692 642 2757 Socrates
656 2692 863 2771 Alcibiadem,
879 2708 910 2757 et
924 2692 1018 2755 Plato
1033 2713 1105 2755 suos
1116 2712 1238 2775 pueros.
1284 2692 1349 2755 Ve-

103 2776 173 2842 rium
188 2778 268 2839 inter
282 2798 387 2839 omnes
402 2778 536 2840 maxime
548 2778 656 2842 dilexit
671 2777 830 2856 Cebetem,
846 2793 877 2842 et
896 2778 1119 2854 Alexandrumr,
1135 2798 1226 2859 quem
1238 2798 1348 2839 secun·

104 2860 147 2926 dt
165 2860 388 2924 Bucolicorum
403 2862 515 2945 ecloga
537 2862 660 2925 Alexim
675 2863 821 2948 appellat,
838 2865 987 2927 donatum
1007 2863 1067 2927 sibi
1083 2863 1122 2926 ab·
1137 2862 1248 2925 Asinio
1271 2862 1348 2925 Pol-

105 2948 198 3011 lione.
241 2945 417 3029 Utrumque
431 2968 496 3010 nou
509 2947 697 3011 ineruditum
712 2949 844 3027 dimisit3
874 2948 1088 3012 Alexandrum
1100 2948 1348 3029 grmnmaticum,

105 3030 256 3096 Cebetem
270 3031 343 3094 verri
359 3046 389 3095 et
403 3034 539 3117 poetam.
584 3031 757 3114 Vulgatum
771 3046 826 3109 est,
842 3034 1038 3096 consuevisse
1059 3054 1130 3095 eum
1152 3053 1222 3096 cunr
1243 3030 1351 3095 Plotia

105 3116 226 3183 Hierisi.
285 3116 350 3180 Sed
375 3117 530 3181 Asconius
556 3116 726 3181 Paedianus
756 3118 897 3194 affirmat,
919 3117 929 3179 i
953 3139 1021 3181 sum
1046 3118 1156 3201 posteri
1177 3117 1349 3181 minoribus

106 3217 181 3267 natu
203 3224 330 3266 narrare
352 3203 486 3280 solitum,
508 3203 671 3267 invitatum
686 3201 810 3286 quidem
832 3202 900 3265 sei
945 3203 1012 3265 ario
1037 3203 1078 3265 ad
1101 3203 1350 3267 communionem

105 3288 253 3365 mulieris,
268 3288 375 3350 verbm
397 3310 429 3351 se
443 3288 687 3372 pertinacissime
703 3287 868 3350 recusrisse.
912 3286 1040 3351 Crateri
1054 3288 1129 3353 sane
1150 3288 1225 3365 viti,
1240 3299 1270 3350 et
1284 3308 1347 3366 ore,

106 3387 138 3437 et
159 3373 273 3449 animo,
290 3386 354 3435 tam
376 3374 509 3456 probum
530 3374 623 3441 fuisse
637 3386 769 3451 constat,
782 3385 817 3435 ut
829 3373 966 3457 Neapoli
980 3372 1167 3437 Parthenias
1179 3370 1277 3454 vulgis
1292 3393 1349 3456 ep-

106 3456 293 3544 pellaretur:
316 3478 364 3534 ac,
377 3457 403 3519 si
418 3458 544 3540 quando
558 3457 673 3521 Romae
685 3458 747 3541 qud
762 3459 919 3523 rarissime
931 3461 1125 3523 commeabat
1144 3459 1302 3534 viseretur,
1316 3458 1350 3521 in

107 3540 234 3627 publico
258 3554 407 3605 sectantes
422 3542 725 3626 demonstrantesque
744 3563 786 3619 se,
810 3545 1022 3626 subterfugere
1044 3544 1167 3607 solitum
1188 3544 1221 3606 in
1245 3543 1350 3626 proxi·

108 3648 193 3691 mum
208 3639 331 3690 tectum.
374 3626 469 3690 Bona
484 3641 585 3691 autem
609 3628 770 3710 eujusdam
784 3628 936 3691 exulantis
955 3630 1101 3691 offerente
1115 3629 1269 3711 Augusto,
1285 3648 1349 3690 non

109 3712 252 3775 sustinuit
266 3713 416 3860 aceiffoe'
460 3713 604 3776 Possedit
627 3734 685 3796 pro
708 3712 726 3774 ὲ
741 3713 855 3775 centies
870 3713 1041 3775 sestertium
1060 3733 1098 3774 ex
1112 3712 1349 3775 liberalitatibus

110 3797 289 3861 amicorum.
369 3798 514 3881 abuitque
528 3799 654 3861 domurn
702 3818 782 3860 omae
797 3798 829 3859 in
843 3796 1010 3880 Exquiliis,
1023 3798 1115 3879 juxta
1138 3798 1245 3859 hortos
1267 3794 1350 3859 Με-

109 3882 245 3946 canatis:
268 3903 445 3965 quanquam
468 3904 588 3946 secessu
602 3882 788 3966 Campaniae
812 3882 991 3966 Siciliaeque
1012 3882 1179 3966 plurimirm
1202 3894 1348 3945 uteretur.
1390 3918 1394 3925 ·

111 3968 315 4052 Quaecunque
337 3969 378 4031 ab
400 3968 545 4050 Augusto
564 3981 689 4052 peteret,
705 3968 859 4052 repulsam
872 3990 1029 4050 uunquam
1043 3967 1161 4030 habuit.
1204 3966 1349 4029 Parenti-

110 4055 168 4119 bus
181 4053 345 4136 quotannis
358 4074 467 4115 aurum
483 4054 522 4115 ad
534 4054 741 4116 abundantem
757 4053 864 4116 alitum
878 4054 1035 4117 mittebat:
1050 4073 1127 4134 quos
1137 4053 1206 4133 jam
1221 4050 1349 4133 grandis

111 4140 229 4203 amisit:
252 4139 426 4220 exquibus,
441 4152 560 4222 patrem
576 4140 674 4202 oculis
685 4151 827 4223 captum:
849 4153 881 4202 et
894 4139 972 4202 duos
988 4138 1095 4201 fratres
1107 4156 1281 4217 germanos,
1297 4134 1349 4198 si-

111 4223 214 4288 lonem
239 4224 439 4306 impuberem,
464 4221 614 4287 Flaccum
633 4225 702 4305 jam
728 4223 876 4302 adultum,
901 4226 990 4305 cujus
1010 4223 1125 4285 exitum
1148 4224 1204 4285 sub
1225 4222 1350 4284 nomine

110 4306 288 4394 Daphnidis
314 4308 414 4370 deflet.
458 4306 543 4372 luter
566 4322 681 4371 caetera
703 4310 815 4389 studia,
842 4324 877 4373 ut
901 4309 996 4393 cupri
1018 4308 1159 4384 diximus,
1187 4307 1350 4370 medicinas

111 4412 245 4476 quoque,
261 4416 298 4457 ac
313 4393 447 4457 maxime
462 4394 687 4458 mathematicae
702 4414 828 4477 operam
842 4395 937 4458 dedit.
979 4392 1059 4477 Egit
1073 4406 1103 4456 et
1116 4412 1242 4455 causam
1256 4410 1350 4454 unam

75 4534 81 4547 ,
111 4478 250 4558 omniuo,
272 4502 330 4545 nec
354 4479 486 4564 amplius
502 4479 595 4562 quam
610 4478 713 4543 semel.
758 4479 909 4547 Sermone
921 4478 1139 4559 tardiss'mum,
1156 4499 1193 4545 ac
1206 4477 1287 4565 pca'e
1302 4475 1350 4540 iu·

111 4562 207 4631 docto
219 4564 352 4659 similem
364 4567 468 4645 fuisse,
479 4562 625 4631 Melissus
637 4562 775 4633 tradidit.
