2888 5026
8 243 27 284 v
485 220 739 289 PRAEFATIO.

21 422 335 504 tsommjamnne
349 420 430 483 net.
479 419 544 503 Qut
558 422 640 485 enm
655 423 687 485 n
702 402 903 485 informastis
930 422 1055 485 maxim
1069 420 1227 509 ernepo

5 554 8 576 ι
27 522 131 585 oribus
144 534 269 597 tontum,
284 540 348 581 non
373 518 473 583 civilis
488 521 581 585 modo
606 520 806 604 militarisque
819 523 1002 605 prudentiss,
1018 523 1071 587 sed
1096 522 1228 587 literato

14 636 87 698 dom
101 633 249 717 sapentioe
263 632 325 695 vim
340 651 407 716 prae
419 654 451 694 se
463 654 583 718 semper
597 634 676 712 tulit,
692 632 826 697 Carolus
839 634 1109 700 Sanctsmouroeus
1133 634 1229 703 Mon·

16 746 119 810 userii
132 748 205 811 Dux
215 769 225 825 3
237 745 338 829 potuit
351 745 378 807 is
392 745 568 811 odeondem
580 747 762 831 sapientium
774 749 883 833 putum
896 762 992 813 tutum
1000 749 1231 835 acsscilemipsi

0 896 8 917 »τ
17 864 113 927 ditum
126 861 268 945 aperire?
290 860 397 923 Potuit
413 862 452 923 ad
466 882 571 925 veram
581 862 784 925 eruditionem
797 884 860 927 non
878 865 995 948 optima
1006 886 1136 947 quoeque
1148 886 1230 949 prae·
1276 834 1282 849 .

3 977 77 1039 idio
90 975 271 1057 conquirere
282 972 331 1035 vir
344 974 457 1037 divinis
481 974 683 1057 humanisque
697 976 845 1039 doctrinis
855 976 1084 1055 excultissimus,
1096 978 1231 1062 Episco-

6 1110 55 1151 nus
68 1086 316 1163 Condomiensis,
331 1086 469 1149 Jacobus
483 1085 645 1169 Benignus
656 1087 865 1150 Bossuetius?
888 1088 1009 1153 Horum
1022 1092 1230 1174 ego'monitis,

0 1234 7 1255 λε
17 1201 183 1279 uctorituti,
208 1201 381 1286 prudentiae
393 1221 455 1263 non
471 1198 660 1277 decederem,
684 1199 796 1282 quibus
809 1198 880 1263 Rex
894 1203 1135 1285 sapientissimus
1162 1226 1234 1269 suus

13 1316 147 1397 egnique
159 1314 204 1376 sui
221 1336 290 1398 spes
302 1334 407 1377 omnes
418 1313 507 1376 unice
515 1314 693 1377 commisit?
716 1313 894 1377 Praesertim
903 1316 973 1377 cirm
983 1318 1065 1389 curis
1076 1317 1151 1380 meis
1158 1340 1234 1383 con·

3 1429 68 1493 ilio
86 1427 266 1512 plerumque
277 1428 459 1491 accederent
472 1425 715 1489 Petri'Danielis
729 1424 847 1505 Huetii,
877 1428 963 1510 cujus
978 1428 1009 1491 in
1038 1432 1235 1497 moderandis
1264 1444 1267 1449 '

0 1542 192 1607 erenissimi
206 1542 361 1626 Principis
374 1541 481 1604 studiis
494 1542 638 1605 secundae
650 1554 720 1603 sunt
735 1552 847 1624 portes.
889 1540 932 1620 ls,
957 1542 1027 1604 cum
1042 1557 1072 1605 et
1084 1545 1236 1609 doctrine

10 1656 81 1721 ami
101 1656 230 1720 multum
246 1656 330 1740 apud
354 1668 493 1731 caeteros,
521 1669 683 1716 etrnorum
698 1654 848 1716 strovitate
870 1654 940 1738 plus
955 1656 1038 1739 apud
1051 1679 1098 1719 me
1118 1658 1236 1742 aliquid

6 1772 112 1851 ·ossit;
134 1769 387 1833 effecitamicitiae
400 1788 465 1831 suae
480 1765 650 1844 lenociniis,
664 1767 897 1829 communicatis
912 1768 1004 1831 etiam
1020 1790 1140 1831 mecum
1155 1772 1237 1834 notis

11 1883 203 1965 nVirgilium
215 1882 398 1966 quibusdam
409 1881 481 1959 suis,
492 1902 530 1943 ne
545 1894 631 1944 tanto
643 1902 691 1943 me
700 1880 787 1965 operi
798 1881 923 1943 omnino
934 1881 1082 1966 imparem
1090 1884 1235 1968 putisrim.

40 1999 79 2063 ln
91 2021 153 2082 quo
164 1997 238 2079 quid
252 2012 365 2082 praeter
378 1995 456 2058 alios
466 1996 647 2079 interpretes
659 1995 865 2079 praestiterim,
877 1994 969 2057 focile
982 1995 1142 2080 intelliget,
1154 2000 1237 2080 quis·

6 2117 68 2177 uis
82 2135 135 2177 eos
151 2112 319 2195 aliquando
346 2109 500 2191 attigerit3
523 2128 653 2189 quorum
669 2108 794 2190 quidem
807 2128 925 2170 errores
940 2118 1048 2171 notare
1062 2110 1158 2173 nolim
1188 2132 1238 2175 as·

0 2229 113 2306 eritis,
130 2228 182 2310 qui
198 2224 336 2289 excusari
352 2242 435 2285 meos
448 2233 531 2304 peto.
566 2219 651 2281 Sane
668 2240 764 2303 opero
778 2241 842 2283 non
855 2220 971 2285 inutilis
986 2222 1065 2285 ime
1079 2224 1182 2307 posita
1192 2235 1239 2287 est
1259 2254 1262 2259 ·

0 2366 33 2406 »n
46 2340 237 2426 explicandis
252 2358 289 2400 ex
304 2336 365 2399 fide
380 2334 517 2397 historiae
530 2331 741 2416 compluribus
752 2332 840 2411 locis,
854 2335 991 2398 obscuris
1003 2335 1099 2419 prius,
1115 2350 1168 2399 aut
1181 2358 1239 2423 pr·

0 2494 1 2510 ι
16 2458 68 2519 ism
81 2454 209 2517 feliciter
219 2451 377 2515 enodatis:
401 2450 553 2514 advocata
565 2446 656 2509 etiam
670 2444 823 2507 interdum
834 2448 971 2511 subsidia
983 2448 1114 2511 ullorum
1124 2450 1238 2513 artium

0 2593 37 2633 <c
50 2568 293 2653 disciplinarum,
306 2586 345 2626 ne
361 2561 604 2626 Grammaticum
617 2558 716 2641 egisse
728 2558 848 2621 tontirm
859 2558 996 2621 dicerer:
1012 2560 1123 2642 quibus
1136 2575 1241 2625 tumen

0 2704 33 2747 ιιι
48 2681 178 2763 singulis
205 2680 296 2743 sicui
321 2678 451 2740 videbor
465 2676 558 2738 nimis
586 2674 690 2757 presse
715 2670 1039 2755 strictequeversatus,
1064 2674 1238 2757 cujusmodi

7 2795 213 2876 ·uerelaejam
227 2793 269 2857 ud
283 2812 332 2856 rue
344 2790 456 2853 delatae
471 2802 564 2867 sunt;
585 2787 611 2850 is
626 2807 685 2864 me,
698 2806 761 2848 non
777 2783 1010 2869 Geogrsphum,
1027 2800 1081 2849 aut
1094 2786 1240 2851 Philoso-

0 2911 106 2987 hum,
123 2921 177 2971 aut
187 2906 368 2982 Rhetorem,
383 2904 436 2966 sed
451 2900 579 2983 Virgilii
594 2900 789 2983 interpretem
804 2918 869 2961 esse
884 2898 1048 2982 intelligat.

1 3064 5 3077 .
56 3020 129 3086 Hic
163 3018 299 3113 editione
336 3029 403 3079 tum
441 3013 504 3076 ulia
527 3013 634 3094 multo,
676 3031 747 3095 quae
790 3010 900 3097 primis
942 3011 1023 3073 curis
1051 3012 1238 3093 exciderant,

7 3138 123 3220 djecta
138 3147 192 3197 aut
203 3132 366 3194 emendata
378 3151 388 3209 ;
410 3140 475 3191 tum
486 3125 562 3188 vcro
576 3124 727 3207 imprimis
742 3136 840 3187 textus
855 3125 921 3207 ipse
935 3122 1073 3207 Virgilii,
1089 3124 1191 3189 multis
1205 3124 1239 3188 in

14 3250 88 3325 ocis,
104 3268 141 3309 ex
156 3246 218 3307 fide
241 3242 313 3306 Nic.
326 3238 460 3317 Heinsii,
475 3238 651 3301 restitutus:
675 3237 745 3299 clun
770 3235 823 3299 ille
847 3236 1045 3328 novissimam
1074 3238 1239 3301 editionem

1 3380 90 3425 suam
102 3379 141 3421 ex
153 3354 252 3421 MSS.
265 3354 396 3436 triginta
409 3349 645 3437 diligentissime
661 3351 860 3414 contexuerit.
906 3350 1006 3435 Cujus
1017 3351 1077 3414 viri
1086 3351 1237 3431 omnibus,

1 3471 56 3556 qui
70 3471 176 3534 literas
189 3480 306 3546 emant,
321 3466 463 3529 luctuoso
474 3484 577 3542 mors3
598 3465 748 3528 memoria
762 3466 857 3530 chara
869 3486 988 3550 semper
999 3479 1029 3528 et
1036 3464 1179 3549 jucundo
1191 3462 1238 3531 l'u·

1 3596 139 3649 turrest.
