2888 5026
601 175 833 245 merome.
1294 212 1336 260 2,

97 325 184 391 Julio
194 324 324 390 Cressre
330 322 514 388 militaribus
521 322 622 403 donis,
634 346 705 389 eum
734 327 918 413 requiescere
930 326 1055 408 Muros,
1070 326 1117 395 Et
1130 331 1233 401 leniter
1245 334 1335 403 blor-

97 412 131 475 in
145 410 207 475 ilis
229 411 370 474 aniensis
383 423 485 473 cestra
506 422 627 473 secutus
647 424 703 490 est,
736 412 806 476 dum
820 412 911 477 licent
924 412 1072 498 deponere
1086 436 1221 485 onmem.
1264 421 1335 487 Nec

98 516 185 560 enno
233 494 305 559 .C.
321 495 443 559 circiter
461 499 535 559 709.
578 494 704 558 Octavii
729 498 854 579 juvenis
876 499 989 581 itaque,
1005 520 1063 564 nec
1078 521 1170 564 senex
1181 504 1334 591 Virgilius

100 587 152 646 19.
197 580 325 663 Virgilii
340 584 392 644 26.
437 580 533 663 Quod
556 581 624 663 quis
638 600 705 644 cre-
736 580 836 645 Cirim
851 583 981 668 scripsit.

96 666 173 731 dot?
216 665 385 748 Virgilium
398 667 439 729 ab
454 664 508 728 illb
522 664 642 729 Culicis
653 686 706 728 ex·
792 708 876 758 m
884 709 1011 759 uem
1042 711 1138 775 ‘w'
1175 714 1281 779 mm

97 751 200 815 ilitnte
221 751 266 814 itu
286 750 414 835 repente
438 751 646 825 convaluisse3
673 764 708 813 ut
874 772 1056 822 ceremur
1066 776 1201 825 stomun.

97 857 185 901 enno
199 835 272 921 pbst
285 836 378 899 tertio
393 850 540 919 quartove
554 835 708 899 Bucolica
875 834 911 881 Μ·
922 834 1183 887 Licmscmrusn

97 922 238 986 scribere
258 934 324 983 tarn
347 920 492 1003 aequebili
514 935 546 983 et
558 921 663 984 vivido
676 934 708 983 et
736 893 947 982 VIRILEM
958 932 1063 1001 togam
1079 920 1243 1005 sumpsisse
1263 920 1337 985 diei-

98 1026 181 1092 puro
195 1006 300 1070 nitore
315 1005 471 1089 inceperit
496 1004 555 1069 His
569 1006 707 1069 adducor
738 1018 788 1069 tur
801 1002 954 1086 Virgilius
980 1007 1064 1087 opud
1087 1004 1341 1071 Pseudo-Doue-

99 1106 135 1155 ut
147 1104 269 1175 putem,
285 1090 434 1153 insulsum
452 1090 537 1154 illum
553 1091 705 1171 Culicem,
738 1104 813 1167 turn,
842 1110 924 1152 anno
950 1090 1049 1153 oetetis
1074 1096 1123 1153 17.
1148 1092 1257 1155 iisdem
1279 1092 1344 1156 illis

100 1198 194 1261 quem
208 1177 360 1239 babemus
374 1196 439 1259 prae
447 1177 708 1254 manibus,abin·
739 1174 938 1251 Consulibus,
954 1176 1064 1258 quibus
1079 1190 1254 1241 nnmsernt
1286 1174 1342 1240 Id·

100 1276 175 1345 opto
204 1261 314 1343 aliquo
327 1261 544 1344 posteriorum
581 1275 709 1326 oetatum
739 1261 838 1345 ipsum
854 1260 995 1341 agnoscit
1007 1259 1157 1342 Scaliger,
1171 1262 1225 1325 sed
1239 1261 1359 1325 minbs'

101 1347 253 1431 scriptore
267 1346 374 1409 lictum
386 1366 459 1425 esse,
473 1348 526 1429 qui
541 1347 612 1411 cium
625 1348 708 1433 apud
739 1345 943 1408 considerate.
965 1343 1076 1427 Neque
1088 1350 1168 1409 enim
1180 1347 1221 1409 nb
1232 1345 1342 1411 Idibus

100 1448 222 1495 veteres
234 1430 356 1493 leuduri
371 1431 483 1515 passim
493 1434 709 1515 videretjuve-
740 1430 929 1494 Octobribus
965 1429 1034 1492 rimi
1048 1428 1231 1515 Pompeiani
1254 1429 1341 1496 Con·

100 1516 198 1581 uilem
220 1514 364 1579 Maronis
386 1515 542 1598 Culicem,
565 1520 710 1581 amissum
741 1515 866 1593 suletris,
882 1514 923 1577 nd
936 1450 1011 1578 idus
1026 1513 1179 1579 Octobres
1204 1517 1341 1594 secundi,

100 1600 193 1667 rllum
204 1601 282 1664 vitio
297 1614 469 1685 temporum
483 1604 643 1667 restituere
654 1624 710 1687 per
741 1600 909 1686 completos
949 1619 1047 1662 annos
1082 1601 1203 1683 reperio
1259 1601 1343 1665 lures

101 1688 213 1752 ludum
227 1699 282 1749 sut
302 1707 359 1770 per
381 1708 531 1751 summam
546 1684 711 1753 audaciam
742 1686 833 1769 quim
845 1684 1029 1767 quindecim.
1074 1682 1109 1747 st
1122 1706 1199 1769 ergo
1242 1685 1342 1769 irgili·

100 1771 248 1849 voluerit,
261 1772 419 1854 quomodo
428 1773 574 1859 deinceps
589 1774 711 1836 blevis·
740 1790 778 1834 us
791 1770 867 1852 togb
878 1769 961 1833 virili
975 1769 1107 1834 donutus
1122 1782 1168 1833 est
1189 1769 1343 1854 Pompeio

101 1858 190 1921 simis
212 1857 412 1940 scriptoribus
434 1859 532 1921 multu
557 1858 711 1921 malitiose
742 1868 772 1919 et
795 1854 910 1918 Crnsso
926 1857 1090 1919 secundum
1106 1854 1196 1919 Coss.
1212 1856 1245 1921 id
1258 1874 1343 1920 nuno

101 1942 241 2009 conficte
254 1956 335 2019 sunt,
351 1955 385 2004 ut
398 1941 539 2005 Cornelii
553 1943 637 2007 Galli
645 1936 711 2006 'ele-
741 1939 869 2023 Virgilii
883 1952 937 2002 eut
950 1940 1070 2003 decimo
1084 1940 1193 2023 quinto
1206 1941 1344 2026 comple·

104 2028 180 2111 gite,
191 2042 223 2090 et
230 2048 328 2111 nuper
339 2025 481 2090 Petronii
495 2029 709 2111 fragmentum.
741 2039 784 2104 to,
798 2039 851 2088 aut
866 2025 986 2088 decimo
1000 2037 1086 2087 sexto
1106 2025 1230 2089 ineunte
1245 2026 1344 2089 conti·

146 2111 236 2175 ldem
245 2126 312 2174 esto
320 2112 360 2174 de
369 2110 440 2175 Cirr'
444 2113 612 2195 judicium,
620 2136 712 2197 quam
742 2112 797 2194 git.
842 2110 901 2172 Sin
923 2110 963 2173 nd
977 2130 1076 2193 usque
1086 2110 1240 2177 decimum
1251 2112 1343 2194 septi-

104 2196 216 2261 Ovidii
228 2212 366 2281 tempore
377 2199 578 2282 posteriorem
587 2219 653 2262 esse
664 2200 711 2261 in·
741 2216 824 2259 mum
836 2196 990 2257 ineuntem
1003 2194 1209 2257 recedendum
1217 2208 1276 2257 est:
1289 2216 1344 2258 en·

104 2282 190 2346 diem
197 2280 326 2363 Scyllae,
334 2283 430 2366 putris
437 2296 467 2345 et
474 2284 584 2366 petrice
591 2285 712 2347 ruinam
741 2301 798 2344 nus
809 2282 835 2343 is
847 2280 905 2344 suit
915 2279 958 2343 U.
971 2278 1011 2343 C.
1028 2283 1103 2343 700.
1125 2276 1288 2356 Consules,
1303 2278 1345 2342 L.

104 2367 294 2444 meditantis,
320 2387 390 2429 cum
419 2368 538 2431 nutrice
559 2369 711 2453 colloqui·
741 2366 897 2429 Domitius
923 2364 1134 2465 AEnobarbus,
1165 2378 1196 2464 et
1222 2363 1346 2463 Appius

105 2452 433 2601 tullissit?
443 2456 711 2623 {iiii-iffi&
742 2448 1346 2622 illisitlltslpitfflzttltz

105 2625 203 2687 babet
218 2620 350 2703 Myrrha
365 2623 457 2704 petris
472 2645 577 2686 amore
595 2626 709 2687 insani-
742 2643 840 2684 annus
862 2622 919 2684 suit
940 2620 982 2684 U.
1006 2620 1046 2685 C.
1070 2625 1144 2685 701.
1179 2619 1345 2697 Consules,

106 2730 168 2786 ens,
185 2727 259 2770 cum
273 2706 391 2768 nutrice
414 2709 486 2770 item
501 2710 567 2787 sut,
582 2708 708 2773 Metam.
742 2706 802 2769 Cn.
819 2706 975 2769 Domitius
989 2704 1151 2783 Calvinus,
1166 2718 1197 2767 et
1210 2703 1257 2767 M.
1278 2703 1343 2768 Vu-

107 2793 127 2857 1.
141 2798 173 2855 9.
197 2791 267 2853 Nec
280 2792 412 2865 abstinet
426 2793 543 2875 Scyllae
558 2796 661 2857 nutrix
671 2797 710 2858 ab
741 2792 833 2854 lerius
855 2790 1008 2870 Messala;
1031 2812 1121 2874 quem
1136 2812 1250 2853 annum
1269 2810 1344 2853 con·

107 2875 248 2960 exemplo
258 2876 354 2960 ipsius
364 2875 504 2961 Myrrbae
512 2881 709 2963 proferendo:
741 2879 844 2957 signet
870 2877 916 2938 his
942 2878 1044 2939 verbis
1073 2874 1283 2959 Hieronymus
1312 2875 1344 2937 in

107 2977 140 3025 ut
162 2961 257 3046 plane
280 2962 450 3025 existimem
473 2965 609 3027 lictorem
624 2968 710 3029 illum
740 2961 894 3025 Eusebio:
935 2959 1091 3047 Wrgilo'us
1119 2962 1238 3047 sumptui
1271 2961 1346 3045 togd

108 3046 295 3130 Virgilienae
306 3044 400 3125 Ciris,
412 3050 450 3111 nd
460 3048 623 3133 Myrrham
633 3051 710 3115 Ovi·
740 3046 954 3110 Mediolanum
969 3044 1204 3131 transgreditur.

109 3134 233 3195 dianam
245 3132 325 3195 inter
339 3134 532 3197 scribendum
545 3137 651 3200 oculos
664 3138 710 3200 in·
783 3131 828 3195 Et
840 3132 926 3210 verb,
948 3133 1005 3193 etsi
1019 3130 1167 3191 Romano
1177 3131 1251 3210 jure
1272 3149 1348 3212 pue·

110 3218 250 3282 tendisse.
294 3215 368 3280 Non
379 3231 425 3282 est
434 3220 530 3301 igitur
542 3222 711 3285 audiendus
742 3216 814 3279 ritis
834 3238 917 3278 anno
941 3222 979 3278 17
996 3213 1145 3291 finiretur,
1160 3226 1286 3295 tumque
1297 3234 1348 3277 su·

110 3302 261 3384 Scaliger,
284 3300 356 3365 cium
378 3302 479 3367 Cirim
502 3306 587 3369 illam
613 3308 712 3389 ipsam
744 3314 875 3362 meretur
894 3314 971 3381 toga
991 3318 1071 3381 pura
1092 3319 1145 3361 seu
1166 3299 1278 3361 virilist
1300 3312 1347 3361 tn·

83 3401 90 3417 ·
111 3388 249 3450 ultimum
270 3408 337 3449 esse
358 3389 465 3450 statuit
483 3411 560 3472 opus
573 3389 713 3471 Virgilii,
745 3405 815 3447 men
834 3404 892 3468 pro
914 3383 1042 3447 arbitrio
1064 3397 1182 3469 tempus
1197 3384 1274 3446 illud
1290 3384 1347 3447 ali·

110 3475 201 3536 etism
234 3471 371 3535 AEneide
408 3474 575 3555 posterius3
616 3496 713 3557 quan·
745 3470 871 3553 quando
880 3470 1071 3533 immutatum
1081 3471 1257 3553 reperimus.
1280 3469 1347 3530 Au-

113 3579 202 3640 quem
217 3559 297 3621 enim
310 3558 412 3620 susum
424 3572 470 3619 est
481 3557 616 3622 feliciore
624 3560 713 3639 veni,
744 3569 852 3638 gustus
866 3576 905 3618 ex
925 3554 1075 3617 Suetonio
1090 3566 1197 3636 togam
1220 3554 1350 3637 sumpsit

112 3642 343 3726 qutimCule13
376 3657 478 3707 tamen
493 3646 601 3726 jacent
621 3646 653 3708 in
676 3667 713 3708 eo
745 3662 828 3703 enno
845 3646 894 3704 16.
922 3640 1072 3721 Caligula
1084 3659 1121 3701 ex
1133 3640 1252 3716 eodem,
1265 3658 1347 3703 unuo

114 3728 215 3805 multa,
233 3729 330 3791 multo
344 3731 479 3809 horrent,
503 3731 600 3794 nitent
621 3731 713 3815 quim
744 3731 797 3788 20.
841 3724 887 3788 Μ.
910 3725 1065 3788 Antonius
1086 3723 1287 3809 philosophus
1310 3743 1348 3788 es

114 3814 311 3896 paucissima:
338 3836 395 3877 nec
420 3815 439 3876 b
463 3814 601 3898 Virgilio
628 3838 713 3880 sene·
744 3811 830 3874 Julio
845 3810 1038 3894 Capitolino,
1054 3830 1136 3872 anno
1151 3812 1200 3873 15.

114 3914 221 3975 seeum,
235 3912 619 3982 etaequorerumsuarum
632 3902 713 3965 testi-
798 3917 1013 3986 mmm
1043 3935 1151 3997 pugg
1185 3933 1294 3999 ,mg

114 4000 227 4047 mature
242 3986 337 4047 scribi
359 3986 481 4048 tantillo
503 3987 535 4049 in
556 3989 714 4071 poematio
869 3999 1132 4046 csuuuscmrrs

114 4071 225 4151 potuit:
261 4068 376 4154 Accipe
399 4070 481 4135 dorsa
507 4093 570 4134 meo
592 4071 715 4136 multitu
870 4061 905 4108 Μ·
914 4062 1029 4108 AE¹¹²¹⁰⁵
1039 4061 1092 4108 ¹⁴²⁹
1094 4073 1152 4108 ¹⁰⁰⁸
1164 4060 1185 4107 ¹·

113 4154 240 4240 rigiloto
263 4154 384 4218 laborer
406 4178 462 4220 nec
485 4155 654 4239 Virgilium
661 4159 715 4239 ju·
746 4139 915 4224 JULIUS
941 4156 1050 4222 Caesar
1083 4177 1186 4220 mense
1219 4154 1349 4221 Octobri

113 4259 233 4314 renem,
272 4253 303 4302 et
342 4239 505 4320 Bucolica,
547 4241 715 4325 Georgica,
748 4261 855 4327 quater
887 4244 1055 4329 triumphat
1088 4243 1126 4306 de
1163 4241 1278 4317 Ouilib,
1312 4238 1352 4299 de

115 4323 252 4388 AEuoirls
260 4327 465 4405 meditantem,
474 4340 592 4390 tantum
604 4330 647 4391 rei
660 4350 717 4413 po-
747 4330 833 4407 Asis,
849 4329 887 4393 dc
901 4328 1054 4412 AEgypto,
1071 4328 1110 4391 de
1124 4326 1242 4388 Africi.
1286 4320 1352 4385 Oc·

114 4412 201 4474 eticae
214 4411 285 4492 jam
305 4426 369 4475 tum
383 4427 508 4497 ceperat
531 4413 668 4491 taedium,
683 4427 718 4476 ut
747 4418 858 4492 tarius,
880 4416 993 4477 sororis
1008 4414 1073 4494 ejus
1087 4431 1193 4495 nepos,
1208 4405 1354 4469 militari·

116 4494 145 4557 in
158 4497 219 4559 boc
240 4508 306 4557 tarn
319 4496 378 4559 levi
392 4519 486 4583 opere
501 4499 638 4562 desinere
653 4519 717 4562 non
748 4498 800 4563 bus
813 4500 901 4563 donis
913 4498 1063 4583 triumpho
1082 4492 1215 4579 Coesoris
1227 4489 1355 4576 Africo·

116 4580 287 4648 tutiores:
308 4578 585 4671 Inqsojtrremeos
600 4584 717 4650 ttinom
746 4608 786 4650 rto
812 4586 942 4651 donatur
969 4596 1022 4662 est,
1046 4596 1220 4667 querquetu
1248 4592 1357 4663 erpere
