2880 5024
566 184 906 252 ARGUMENTUM.
1294 194 1353 259 181

165 337 264 402 Certe
274 334 495 422 magnitudinis
504 336 567 395 sice
579 336 758 414 durationis,
767 358 838 419 qtrae
851 333 947 419 volgo
958 335 1030 396 anni
1041 335 1131 397 nnius
1139 337 1249 419 spatio,
1260 338 1356 403 inter·

114 424 190 487 tlnrn
218 424 311 485 etiam
337 423 454 484 minore
467 422 629 483 definitur:
644 424 684 483 ab
700 423 736 484 eir
751 423 894 483 nimirum
911 421 1041 484 actionis
1055 435 1151 503 parte,
1165 425 1244 484 unde
1259 427 1357 507 poiita

114 510 210 572 sumit
224 509 378 593 poiimatis
393 508 573 584 exordium
589 506 628 568 ad
641 528 736 587 osque
747 508 899 589 po'eJrrmtis
914 508 1016 569 linem.
1063 506 1116 567 Sic
1132 506 1274 588 Odyssea
1289 510 1355 575 dies

115 596 253 679 quinque
266 595 392 656 omnino
407 607 438 653 et
452 592 696 675 qninquaginta:
721 590 792 652 llias
809 614 922 653 annum
939 592 1091 671 integrum
1106 593 1199 674 capit.

160 679 345 742 FABULA
361 692 482 739 constat
495 678 645 760 paenitus,
662 677 725 735 sive
740 676 829 759 plani
852 678 1039 751 necessariis,
1057 698 1127 757 qrrre
1150 692 1219 738 sunt
1235 678 1355 741 erardi·

115 789 176 842 nm,
193 788 297 839 aeuus,
312 780 341 825 et
355 762 485 824 solutio:
508 763 571 823 sive
585 781 645 822 non
659 761 751 843 plane
768 763 954 838 necessariis,
971 784 1040 843 quse
1058 778 1128 822 sum
1142 763 1289 844 epicedio.

159 850 345 925 Benedicta,
355 850 447 909 habet
456 848 696 930 propositionem
710 847 849 922 actioniS,
859 848 1087 908 invenationem
1099 848 1244 924 trtrrninis,
1261 849 1354 913 etium

115 936 288 1017 aliquando
304 935 528 995 dedicationem
545 933 644 1014 operis
660 932 791 1013 principi
808 948 860 994 aut
876 933 976 993 arnico
991 932 1068 993 viro.

157 1020 279 1096 Nenos,
296 1034 340 1080 est
368 1020 521 1079 vanorum
552 1038 676 1077 castrum
705 1019 805 1092 series,
823 1017 861 1077 ad
877 1038 944 1077 enm
961 1038 1056 1097 usqne
1073 1016 1221 1097 perducta
1235 1030 1355 1101 partem

113 1107 228 1191 operis,
243 1106 274 1165 in
291 1104 352 1185 quii
365 1104 398 1164 fn
409 1104 538 1165 aetionis
555 1102 652 1163 fltrxus
665 1102 696 1161 in
712 1101 887 1163 felicitatem
904 1118 956 1163 aut
966 1102 1184 1164 infelicitatem.

159 1189 292 1264 Salutio,
308 1203 351 1250 est
368 1188 513 1269 ‹pocqnid
526 1190 566 1248 ab
581 1209 618 1249 eo
634 1188 712 1248 llexu
725 1187 763 1247 ad
780 1188 871 1248 finem
886 1208 980 1268 nsque
997 1186 1126 1248 actionis
1139 1188 1311 1270 peragitur.

158 1274 323 1360 Episodiu,
339 1288 409 1334 snm
420 1275 555 1335 actiones
569 1273 711 1354 quadam
736 1272 911 1349 adscititiae,
934 1294 1005 1353 quse
1020 1292 1090 1333 cnm
1107 1274 1227 1335 actione
1243 1272 1355 1357 praeci·

108 1362 177 1446 pua
189 1360 285 1422 veluti
301 1359 513 1435 necessariam,
541 1360 625 1419 certe
653 1356 849 1419 verisimilem
872 1357 1122 1439 conjunctionem
1136 1358 1259 1421 habent.
1303 1356 1357 1423 Ea

112 1446 210 1530 vulgo
225 1447 256 1507 in
273 1466 393 1521 nerino,
410 1444 480 1506 raro
501 1443 743 1517 insolationem,
773 1463 929 1524 rrutnqnam
947 1444 978 1502 in
993 1441 1152 1503 exordium
1170 1443 1354 1507 incernatur.

111 1531 251 1590 ’Remulo
260 1532 344 1593 dicta
357 1531 396 1590 ab
405 1535 562 1611 inhsuper,
573 1542 698 1611 preter,
708 1532 747 1599 ln,
759 1528 802 1605 in,
813 1543 843 1589 et
857 1526 996 1605 unna·
1013 1527 1100 1608 qnasi
1115 1528 1355 1612 supervenientia

111 1615 146 1677 in
154 1615 231 1678 niara
248 1628 276 1677 et
290 1615 395 1676 seriem
411 1616 550 1676 actionis.

156 1698 314 1763 MORES
331 1700 462 1781 denique
478 1698 673 1760 orariisestant
688 1698 782 1759 animi
810 1695 944 1761 all‘cctus.
989 1695 1255 1760 SENTENTIA
1270 1720 1355 1763 men·

111 1785 152 1849 tia
167 1786 373 1868 cogitationes
388 1785 541 1868 exprimit.
587 1780 747 1846 DrcTto
762 1797 900 1846 moreset
912 1784 1092 1845 sententiam
1108 1784 1318 1866 repraesentat.

471 1951 535 2016 DE
558 1950 750 2015 NATURA
772 1950 995 2018 AENEIDOS.

156 2104 250 2167 Actio
266 2104 422 2178 AEneidos,
438 2115 473 2164 ut
485 2101 569 2164 trude
583 2116 628 2163 est
642 2101 743 2183 operis
757 2100 896 2179 materie,
910 2102 954 2163 sic
970 2101 1117 2163 sehabet.
1161 2102 1286 2179 AEneas,
1306 2102 1355 2167 in·

109 2191 236 2253 censii
252 2190 373 2252 Graecis
385 2186 494 2271 Troji,
511 2207 582 2249 curn
601 2206 726 2247 snorum
748 2186 886 2269 reliquiis
898 2189 976 2249 mari
992 2208 1025 2249 se
1039 2186 1214 2264 committit,
1230 2185 1355 2255 ltaliam

110 2277 272 2359 petiturus,
288 2275 368 2335 unde
392 2275 524 2353 majores
536 2272 602 2353 ejus
617 2272 677 2333 orti
692 2292 757 2335 esse
772 2272 963 2335 ferebantur:
985 2272 1070 2350 illuc,
1085 2286 1156 2356 post
1167 2295 1257 2336 casus
1273 2273 1356 2339 terri

108 2364 250 2442 marique
264 2361 378 2433 varios,
393 2357 534 2440 appellit:
550 2357 702 2440 excipitur
714 2358 888 2421 humaniter
900 2359 920 2419 a
931 2356 1058 2436 Latino,
1072 2373 1144 2422 tunc
1157 2359 1272 2423 ibidem
1282 2380 1354 2443 reg·

109 2463 219 2523 nante3
235 2459 265 2506 et
279 2442 421 2505 Lauiniae
434 2441 549 2525 nuptiis
564 2442 596 2505 in
611 2462 759 2523 generum
773 2443 981 2527 adoptaretur,
998 2445 1056 2506 nisi
1065 2446 1201 2508 obstaret
1213 2444 1352 2525 Turnus,

109 2531 215 2595 Daunii
233 2528 422 2590 Rutulorum
438 2528 521 2608 regis
535 2526 627 2589 filius.
673 2522 705 2590 Is
718 2527 863 2591 Lauiniae
871 2531 1188 2613 nuptiasjampridem
1203 2532 1352 2610 ambiens,

107 2617 237 2681 AEneam
256 2615 343 2695 gravi
358 2613 438 2675 bello
455 2626 564 2673 vexat:
588 2612 641 2674 sed
655 2614 694 2674 ab
715 2634 753 2676 eo
768 2615 867 2677 victus
888 2629 918 2677 et
933 2617 1063 2694 occisus,
1079 2638 1224 2701 sponsam
1239 2620 1268 2681 ei
1280 2638 1353 2701 reg·

108 2722 243 2781 numque
259 2699 435 2761 habendum
448 2697 580 2779 denique
589 2699 748 2781 permittit.

157 2784 258 2849 Unam
274 2805 348 2860 esse,
366 2796 458 2864 atque
469 2781 626 2859 illustrem,
637 2804 703 2845 eam
716 2785 867 2849 actionem
879 2785 986 2871 liquet.

156 2870 344 2955 Complutum
356 2869 485 2951 negavit
498 2867 663 2951 Maphaeus
679 2868 808 2952 vegius,
825 2872 955 2955 ideoque
971 2873 1029 2935 sibi
1046 2894 1135 2956 posse
1144 2874 1228 2935 visus
1240 2888 1285 2936 est
1298 2875 1353 2937 tle·

107 2957 222 3020 cimam
239 2956 361 3017 tertium
379 2954 491 3015 librum
508 2955 630 3018 rEneidi
647 2975 777 3034 assuere,
792 2980 854 3039 quo
869 2958 1008 3021 dolorem
1025 2957 1225 3033 Rutulorum,
1248 2957 1353 3022 Turni

107 3042 208 3118 sunus,
223 3042 329 3105 AEneae
343 3040 466 3122 nuptias
476 3053 505 3100 et
516 3040 698 3122 apotheosin
709 3045 887 3127 cornplexns
900 3058 963 3105 est:
977 3042 1091 3105 temere
1105 3043 1242 3104 omnino.
1266 3040 1352 3107 Nam

107 3128 285 3211 apotheosis
296 3126 315 3186 ir
328 3124 408 3186 Jove
420 3126 573 3208 promissa
585 3138 630 3186 est
651 3125 704 3188 lib.
724 3134 752 3188 l.
772 3133 846 3190 263.
891 3127 985 3190 Feres
1001 3127 1043 3189 nd
1056 3126 1158 3187 sidera
1173 3126 1238 3189 cali
1251 3125 1352 3213 Mag·

105 3212 261 3275 annianum
289 3212 427 3275 AEneum.
472 3207 503 3270 T
506 3231 557 3270 um
590 3209 805 3275 confirmatal.
829 3217 878 3275 12.
895 3217 968 3273 794.
1020 3210 1188 3297 Indigetem
1222 3214 1353 3278 AEnennt

106 3298 164 3362 rtis
175 3298 256 3382 men,
271 3308 301 3359 et
317 3294 524 3379 sciresaterie,
552 3293 668 3357 Deberi
683 3294 766 3358 colo.
809 3296 880 3358 Jam
903 3295 1038 3359 Lavinia
1059 3318 1250 3381 regnumque
1265 3297 1352 3363 Latii

106 3381 250 3445 itanno
260 3383 410 3444 moriente
426 3382 532 3445 AEneae
548 3381 734 3463 permittitur
746 3382 767 3443 l.
784 3388 833 3444 12.
851 3386 923 3444 937.
973 3380 1044 3444 Tua
1066 3394 1109 3444 ert
1127 3381 1264 3446 Lauinia
1278 3404 1352 3449 con·

104 3468 169 3540 ine.
215 3467 351 3544 Caetera,
368 3488 439 3550 qnae
454 3466 494 3527 ad
507 3487 653 3549 pompam
668 3467 844 3550 luctumque
865 3462 1027 3552 pertinent,
1043 3467 1159 3550 frigida
1184 3489 1220 3531 ac
1246 3470 1351 3554 pueri·

106 3554 161 3631 lia,
177 3553 261 3615 certe
278 3553 404 3614 minime
419 3552 600 3613 necessaria.
702 3592 706 3599 -

146 3637 402 3723 Magnitudinem
416 3638 508 3698 habet
521 3648 629 3699 certum
645 3638 806 3720 acjustam
821 3662 829 3699 τ
852 3639 927 3702 licit
941 3640 1022 3701 enim
1037 3654 1108 3701 octo
1124 3640 1245 3703 circiter
1260 3640 1349 3705 annis

104 3722 232 3787 durasse
248 3724 329 3785 actio
344 3737 411 3784 tota
425 3722 568 3800 dicatur3
590 3744 683 3785 unum
701 3738 803 3787 tamen
817 3746 855 3786 ex
876 3726 923 3803 iis,
940 3747 1072 3807 eumque
1087 3725 1237 3803 ultimum,
1253 3731 1350 3811 poiita

103 3809 339 3893 complectitur:
364 3807 572 3890 superioribus
584 3809 708 3890 reliquis
723 3810 755 3871 in
768 3811 958 3893 episodicam
973 3812 1081 3875 AEneae
1101 3832 1205 3873 coram
1221 3811 1349 3877 Didone

14 3894 17 3898 ’
103 3896 314 3957 narrationem
328 3893 469 3955 redactis.
513 3891 717 3954 Mambrunns
728 3896 853 3976 quidem
865 3897 1016 3959 sexdecim
1031 3917 1149 3960 menses
1162 3897 1348 3962 AEneidi-at·

103 3980 222 4057 tribuit,
239 4001 276 4041 eo
290 3980 451 4053 adductae,
469 3977 551 4059 quod
574 3979 735 4055 Anchises,
752 3994 834 4041 uter
850 3979 871 4041 l.
886 3984 916 4041 5.
931 3981 1080 4063 liquidnm
1095 3997 1150 4058 est,
1177 3984 1288 4044 obierit
1313 3982 1348 4044 in

103 4062 216 4127 sicilia
228 4085 324 4127 verno
336 4079 484 4146 tempore.
528 4060 622 4125 Unde
637 4065 680 4123 sic
693 4064 833 4145 colligit:
857 4065 986 4129 AEneam
999 4089 1060 4131 non
1076 4067 1173 4130 multo
1183 4068 1264 4151 post,
1277 4086 1347 4127 ver·

101 4171 145 4212 no
158 4151 231 4213 item
248 4164 395 4234 tempore,
413 4149 484 4210 inde
495 4147 630 4224 solvisse,
647 4149 717 4211 et'rrn
745 4150 776 4210 in
798 4149 935 4213 Africam
959 4166 1136 4235 tempestate
1151 4153 1266 4234 ejectus
1281 4161 1346 4229 est3

101 4236 177 4318 quid
194 4237 369 4312 enimcum,
384 4247 505 4296 mortuo
519 4247 615 4317 patre,
631 4233 699 4295 fatis
715 4234 746 4295 in
765 4233 888 4298 ltaliam
903 4239 1095 4316 vocantibus,
1119 4236 1233 4300 diutius
1246 4235 1277 4296 in
1294 4232 1346 4296 Si·

101 4322 176 4383 cilia
189 4318 362 4383 tenuisset?
386 4334 450 4381 tum
468 4320 554 4380 addit
563 4319 694 4380 eundem
707 4320 740 4381 in
756 4320 864 4383 Africis
877 4334 973 4385 totam
995 4323 1145 4405 hyemem,
1160 4334 1251 4400 atque
1266 4318 1346 4383 adso

101 4427 219 4471 matun
233 4407 296 4469 sere
312 4404 500 4482 traduxisse3
524 4405 673 4486 siquidem
696 4404 768 4467 inde
783 4407 893 4467 iterum
915 4406 949 4470 in
973 4407 1113 4469 Siciliam
1137 4407 1260 4467 ineunte
1274 4423 1347 4469 vera

100 4492 272 4577 trajiciens,
289 4489 516 4553 anniversarios
532 4490 612 4572 patri
628 4489 717 4552 ludos
738 4489 925 4553 celebravit:
942 4491 1068 4572 reliquis
1083 4505 1185 4554 autem
1200 4488 1232 4548 in
1253 4486 1348 4559 latit

100 4576 258 4662 praeclare
272 4577 368 4662 genus
383 4593 502 4638 memes
517 4574 678 4638 minimum
686 4588 819 4659 quatuor
833 4596 899 4640 esse
907 4575 1095 4641 tribuendos.
1128 4576 1257 4657 Pugnat
1270 4596 1346 4640 eon·
