<?xml version="1.0" encoding="UTF-8"?>
<!DOCTYPE html PUBLIC "-//W3C//DTD XHTML 1.0 Transitional//EN"
    "http://www.w3.org/TR/xhtml1/DTD/xhtml1-transitional.dtd">
<html xmlns="http://www.w3.org/1999/xhtml" xml:lang="en" lang="en">
 <head>
  <title>
</title>
<meta http-equiv="Content-Type" content="text/html;charset=utf-8" />
  <meta name='ocr-system' content='tesseract 3.04.00' />
  <meta name='ocr-capabilities' content='ocr_page ocr_carea ocr_par ocr_line ocrx_word'/>
</head>
<body>
  <div class='ocr_page' id='page_1' title='image "./pvirgiliimaroni01ruegoog/pvirgiliimaroni01ruegoog_0199.png"; bbox 0 0 2880 5024; ppageno 0'>
   <div class='ocr_carea' id='block_1_1' title="bbox 98 198 886 281">
    <p class='ocr_par' dir='ltr' id='par_1_1' title="bbox 98 198 886 281">
     <span class='ocr_line' id='line_1_1' title="bbox 98 198 886 281; baseline -0.011 -2"><span class='ocrx_word' id='word_1_1' title='bbox 98 214 163 281; x_wconf 74' lang='lat'>102</span> <span class='ocrx_word' id='word_1_2' title='bbox 545 198 886 271; x_wconf 76' lang='lat' dir='ltr'>ARGUMENTUM.</span> 
     </span>
    </p>
   </div>
   <div class='ocr_carea' id='block_1_2' title="bbox 96 348 1339 871">
    <p class='ocr_par' dir='ltr' id='par_1_2' title="bbox 96 348 1339 871">
     <span class='ocr_line' id='line_1_2' title="bbox 96 348 1338 437; baseline -0.014 -7"><span class='ocrx_word' id='word_1_3' title='bbox 96 364 147 425; x_wconf 77' lang='lat' dir='ltr'>trit</span> <span class='ocrx_word' id='word_1_4' title='bbox 163 355 335 437; x_wconf 65' lang='lat' dir='ltr'>Segresius,</span> <span class='ocrx_word' id='word_1_5' title='bbox 348 352 380 417; x_wconf 87' lang='lat' dir='ltr'>in</span> <span class='ocrx_word' id='word_1_6' title='bbox 395 351 523 435; x_wconf 66' lang='lat' dir='ltr'>egregii</span> <span class='ocrx_word' id='word_1_7' title='bbox 537 350 720 435; x_wconf 74' lang='lat' dir='ltr'>prefatione</span> <span class='ocrx_word' id='word_1_8' title='bbox 735 351 767 413; x_wconf 87' lang='lat' dir='ltr'>in</span> <span class='ocrx_word' id='word_1_9' title='bbox 783 350 939 412; x_wconf 82' lang='lat' dir='ltr'>Gallicam</span> <span class='ocrx_word' id='word_1_10' title='bbox 953 348 1100 415; x_wconf 81' lang='lat' dir='ltr'>AEneidos</span> <span class='ocrx_word' id='word_1_11' title='bbox 1111 349 1338 434; x_wconf 80' lang='lat' dir='ltr'>interpretatio·</span> 
     </span>
     <span class='ocr_line' id='line_1_3' title="bbox 97 436 1339 521; baseline -0.014 -10"><span class='ocrx_word' id='word_1_12' title='bbox 97 468 187 511; x_wconf 89' lang='lat' dir='ltr'>nem:</span> <span class='ocrx_word' id='word_1_13' title='bbox 205 436 396 521; x_wconf 83' lang='lat' dir='ltr'>ostenditque</span> <span class='ocrx_word' id='word_1_14' title='bbox 411 440 539 504; x_wconf 84' lang='lat' dir='ltr'>AEneam</span> <span class='ocrx_word' id='word_1_15' title='bbox 552 438 570 497; x_wconf 83' lang='lat' dir='ltr'>e</span> <span class='ocrx_word' id='word_1_16' title='bbox 587 436 696 497; x_wconf 67' lang='lat' dir='ltr'>Sicilie</span> <span class='ocrx_word' id='word_1_17' title='bbox 711 458 774 497; x_wconf 91' lang='lat' dir='ltr'>non</span> <span class='ocrx_word' id='word_1_18' title='bbox 788 437 845 499; x_wconf 84' lang='lat' dir='ltr'>nisi</span> <span class='ocrx_word' id='word_1_19' title='bbox 869 436 888 497; x_wconf 89' lang='lat' dir='ltr'>J</span> <span class='ocrx_word' id='word_1_20' title='bbox 893 436 955 496; x_wconf 91' lang='lat' dir='ltr'>ulio</span> <span class='ocrx_word' id='word_1_21' title='bbox 968 456 1081 511; x_wconf 90' lang='lat' dir='ltr'>mense,</span> <span class='ocrx_word' id='word_1_22' title='bbox 1105 452 1215 516; x_wconf 85' lang='lat' dir='ltr'>quarto</span> <span class='ocrx_word' id='word_1_23' title='bbox 1228 458 1339 521; x_wconf 80' lang='lat' dir='ltr'>nempe</span> 
     </span>
     <span class='ocr_line' id='line_1_4' title="bbox 97 520 1337 617; baseline -0.01 -23"><span class='ocrx_word' id='word_1_24' title='bbox 97 548 167 617; x_wconf 89' lang='lat' dir='ltr'>post</span> <span class='ocrx_word' id='word_1_25' title='bbox 182 532 298 591; x_wconf 89' lang='lat' dir='ltr'>obitum</span> <span class='ocrx_word' id='word_1_26' title='bbox 313 526 418 609; x_wconf 82' lang='lat' dir='ltr'>putris,</span> <span class='ocrx_word' id='word_1_27' title='bbox 433 524 463 585; x_wconf 90' lang='lat' dir='ltr'>in</span> <span class='ocrx_word' id='word_1_28' title='bbox 479 522 613 584; x_wconf 81' lang='lat' dir='ltr'>Africum</span> <span class='ocrx_word' id='word_1_29' title='bbox 631 521 804 603; x_wconf 76' lang='lat' dir='ltr'><strong>appulisse:</strong></span> <span class='ocrx_word' id='word_1_30' title='bbox 820 532 886 583; x_wconf 87' lang='lat' dir='ltr'>tuto</span> <span class='ocrx_word' id='word_1_31' title='bbox 911 521 965 581; x_wconf 90' lang='lat' dir='ltr'>illo</span> <span class='ocrx_word' id='word_1_32' title='bbox 992 520 1155 582; x_wconf 83' lang='lat' dir='ltr'>intervallo</span> <span class='ocrx_word' id='word_1_33' title='bbox 1179 524 1337 604; x_wconf 90' lang='lat' dir='ltr'>temporis,</span> 
     </span>
     <span class='ocr_line' id='line_1_5' title="bbox 97 606 1339 689; baseline -0.016 -12"><span class='ocrx_word' id='word_1_34' title='bbox 97 618 148 679; x_wconf 79' lang='lat' dir='ltr'>vel</span> <span class='ocrx_word' id='word_1_35' title='bbox 164 614 339 678; x_wconf 75' lang='lat' dir='ltr'>reficiendee</span> <span class='ocrx_word' id='word_1_36' title='bbox 352 609 452 685; x_wconf 79' lang='lat' dir='ltr'>classi,</span> <span class='ocrx_word' id='word_1_37' title='bbox 467 608 516 669; x_wconf 87' lang='lat' dir='ltr'>vel</span> <span class='ocrx_word' id='word_1_38' title='bbox 531 608 731 689; x_wconf 79' lang='lat' dir='ltr'>espeetondae</span> <span class='ocrx_word' id='word_1_39' title='bbox 740 606 912 667; x_wconf 83' lang='lat' dir='ltr'>commodae</span> <span class='ocrx_word' id='word_1_40' title='bbox 921 606 1102 687; x_wconf 84' lang='lat' dir='ltr'>tempestati,</span> <span class='ocrx_word' id='word_1_41' title='bbox 1116 607 1259 687; x_wconf 83' lang='lat' dir='ltr'>curisque</span> <span class='ocrx_word' id='word_1_42' title='bbox 1270 606 1339 669; x_wconf 66' lang='lat' dir='ltr'>aliis</span> 
     </span>
     <span class='ocr_line' id='line_1_6' title="bbox 97 690 1338 785; baseline -0.011 -19"><span class='ocrx_word' id='word_1_43' title='bbox 97 702 249 785; x_wconf 84' lang='lat' dir='ltr'>impenso.</span> <span class='ocrx_word' id='word_1_44' title='bbox 294 700 395 777; x_wconf 81' lang='lat' dir='ltr'>Atque</span> <span class='ocrx_word' id='word_1_45' title='bbox 409 695 451 755; x_wconf 83' lang='lat' dir='ltr'>ita</span> <span class='ocrx_word' id='word_1_46' title='bbox 462 693 602 773; x_wconf 74' lang='lat' dir='ltr'>legitimo</span> <span class='ocrx_word' id='word_1_47' title='bbox 616 693 706 752; x_wconf 93' lang='lat' dir='ltr'>unius</span> <span class='ocrx_word' id='word_1_48' title='bbox 720 690 791 752; x_wconf 86' lang='lat' dir='ltr'>anni</span> <span class='ocrx_word' id='word_1_49' title='bbox 803 695 903 774; x_wconf 80' lang='lat' dir='ltr'>spatio</span> <span class='ocrx_word' id='word_1_50' title='bbox 915 692 1018 753; x_wconf 69' lang='lat' dir='ltr'>dineis</span> <span class='ocrx_word' id='word_1_51' title='bbox 1036 706 1099 751; x_wconf 83' lang='lat' dir='ltr'>tota</span> <span class='ocrx_word' id='word_1_52' title='bbox 1114 691 1338 770; x_wconf 72' lang='lat' dir='ltr'>continebitur,</span> 
     </span>
     <span class='ocr_line' id='line_1_7' title="bbox 97 775 1111 871; baseline -0.018 -22"><span class='ocrx_word' id='word_1_53' title='bbox 97 788 181 871; x_wconf 85' lang='lat' dir='ltr'>quod</span> <span class='ocrx_word' id='word_1_54' title='bbox 196 787 257 845; x_wconf 84' lang='lat' dir='ltr'>suis</span> <span class='ocrx_word' id='word_1_55' title='bbox 273 784 348 845; x_wconf 83' lang='lat' dir='ltr'>loeis</span> <span class='ocrx_word' id='word_1_56' title='bbox 363 780 573 863; x_wconf 82' lang='lat' dir='ltr'>probabinnrs,</span> <span class='ocrx_word' id='word_1_57' title='bbox 590 777 759 858; x_wconf 65' lang='lat' dir='ltr'>praesertim</span> <span class='ocrx_word' id='word_1_58' title='bbox 776 775 796 837; x_wconf 89' lang='lat' dir='ltr'>l.</span> <span class='ocrx_word' id='word_1_59' title='bbox 816 784 844 839; x_wconf 89' lang='lat' dir='ltr'>l.</span> <span class='ocrx_word' id='word_1_60' title='bbox 860 798 889 837; x_wconf 79' lang='lat' dir='ltr'>v.</span> <span class='ocrx_word' id='word_1_61' title='bbox 906 781 979 839; x_wconf 82' lang='lat'>535.</span> <span class='ocrx_word' id='word_1_62' title='bbox 994 790 1024 840; x_wconf 90' lang='lat' dir='ltr'>et</span> <span class='ocrx_word' id='word_1_63' title='bbox 1038 780 1111 839; x_wconf 76' lang='lat'>756,</span> 
     </span>
    </p>
   </div>
   <div class='ocr_carea' id='block_1_3' title="bbox 85 861 1342 3848">
    <p class='ocr_par' dir='ltr' id='par_1_3' title="bbox 96 861 1340 1373">
     <span class='ocr_line' id='line_1_8' title="bbox 141 861 1339 945; baseline -0.008 -11"><span class='ocrx_word' id='word_1_64' title='bbox 141 868 335 943; x_wconf 74' lang='lat' dir='ltr'>FABUnA,</span> <span class='ocrx_word' id='word_1_65' title='bbox 351 868 414 925; x_wconf 88' lang='lat' dir='ltr'>sive</span> <span class='ocrx_word' id='word_1_66' title='bbox 430 864 512 923; x_wconf 82' lang='lat' dir='ltr'>aetio</span> <span class='ocrx_word' id='word_1_67' title='bbox 525 866 587 923; x_wconf 90' lang='lat' dir='ltr'>suis</span> <span class='ocrx_word' id='word_1_68' title='bbox 603 861 749 943; x_wconf 87' lang='lat' dir='ltr'>episodiis</span> <span class='ocrx_word' id='word_1_69' title='bbox 765 876 884 937; x_wconf 85' lang='lat' dir='ltr'>onmtu,</span> <span class='ocrx_word' id='word_1_70' title='bbox 900 864 996 943; x_wconf 88' lang='lat' dir='ltr'>repeti</span> <span class='ocrx_word' id='word_1_71' title='bbox 1012 876 1112 943; x_wconf 84' lang='lat' dir='ltr'>potest</span> <span class='ocrx_word' id='word_1_72' title='bbox 1122 881 1160 921; x_wconf 83' lang='lat' dir='ltr'>ex</span> <span class='ocrx_word' id='word_1_73' title='bbox 1172 882 1339 945; x_wconf 81' lang='lat' dir='ltr'>argumen-</span> 
     </span>
     <span class='ocr_line' id='line_1_9' title="bbox 96 946 1339 1036; baseline -0.01 -15"><span class='ocrx_word' id='word_1_74' title='bbox 96 958 137 1021; x_wconf 84' lang='lat' dir='ltr'>tis</span> <span class='ocrx_word' id='word_1_75' title='bbox 152 957 263 1036; x_wconf 88' lang='lat' dir='ltr'>cuique</span> <span class='ocrx_word' id='word_1_76' title='bbox 279 953 358 1013; x_wconf 89' lang='lat' dir='ltr'>libro</span> <span class='ocrx_word' id='word_1_77' title='bbox 374 948 529 1031; x_wconf 76' lang='lat' dir='ltr'>preufisis:</span> <span class='ocrx_word' id='word_1_78' title='bbox 544 948 582 1008; x_wconf 73' lang='lat' dir='ltr'>esi</span> <span class='ocrx_word' id='word_1_79' title='bbox 597 962 698 1009; x_wconf 86' lang='lat' dir='ltr'>tamen</span> <span class='ocrx_word' id='word_1_80' title='bbox 711 948 865 1021; x_wconf 76' lang='lat' dir='ltr'>cautione,</span> <span class='ocrx_word' id='word_1_81' title='bbox 882 962 925 1023; x_wconf 86' lang='lat' dir='ltr'>ut,</span> <span class='ocrx_word' id='word_1_82' title='bbox 948 946 973 1007; x_wconf 88' lang='lat' dir='ltr'>si</span> <span class='ocrx_word' id='word_1_83' title='bbox 989 947 1137 1027; x_wconf 84' lang='lat' dir='ltr'>qtueritur</span> <span class='ocrx_word' id='word_1_84' title='bbox 1159 947 1237 1008; x_wconf 86' lang='lat' dir='ltr'>ordo</span> <span class='ocrx_word' id='word_1_85' title='bbox 1261 962 1339 1009; x_wconf 90' lang='lat' dir='ltr'>tem-</span> 
     </span>
     <span class='ocr_line' id='line_1_10' title="bbox 96 1031 1338 1127; baseline -0.007 -23"><span class='ocrx_word' id='word_1_86' title='bbox 96 1044 194 1127; x_wconf 87' lang='lat' dir='ltr'>poris,</span> <span class='ocrx_word' id='word_1_87' title='bbox 210 1038 360 1101; x_wconf 91' lang='lat' dir='ltr'>secundus</span> <span class='ocrx_word' id='word_1_88' title='bbox 371 1036 448 1096; x_wconf 90' lang='lat' dir='ltr'>liber</span> <span class='ocrx_word' id='word_1_89' title='bbox 462 1031 595 1116; x_wconf 84' lang='lat' dir='ltr'>priminn</span> <span class='ocrx_word' id='word_1_90' title='bbox 623 1032 771 1111; x_wconf 62' lang='lat' dir='ltr'>legendus</span> <span class='ocrx_word' id='word_1_91' title='bbox 793 1033 841 1107; x_wconf 91' lang='lat' dir='ltr'>sit,</span> <span class='ocrx_word' id='word_1_92' title='bbox 867 1033 1059 1107; x_wconf 73' lang='lat' dir='ltr'>tumuitus,</span> <span class='ocrx_word' id='word_1_93' title='bbox 1083 1031 1194 1093; x_wconf 87' lang='lat' dir='ltr'>deinde</span> <span class='ocrx_word' id='word_1_94' title='bbox 1209 1032 1338 1115; x_wconf 87' lang='lat' dir='ltr'>primus,</span> 
     </span>
     <span class='ocr_line' id='line_1_11' title="bbox 97 1117 1339 1211; baseline -0.006 -24"><span class='ocrx_word' id='word_1_95' title='bbox 97 1144 223 1211; x_wconf 84' lang='lat' dir='ltr'>qrnutns</span> <span class='ocrx_word' id='word_1_96' title='bbox 246 1124 391 1205; x_wconf 77' lang='lat' dir='ltr'>deinceps</span> <span class='ocrx_word' id='word_1_97' title='bbox 414 1134 445 1181; x_wconf 89' lang='lat' dir='ltr'>et</span> <span class='ocrx_word' id='word_1_98' title='bbox 467 1118 592 1179; x_wconf 83' lang='lat' dir='ltr'>caeteri:</span> <span class='ocrx_word' id='word_1_99' title='bbox 615 1120 690 1179; x_wconf 82' lang='lat' dir='ltr'>urtis</span> <span class='ocrx_word' id='word_1_100' title='bbox 705 1118 798 1191; x_wconf 90' lang='lat' dir='ltr'>enim,</span> <span class='ocrx_word' id='word_1_101' title='bbox 815 1118 878 1177; x_wconf 82' lang='lat' dir='ltr'>sive</span> <span class='ocrx_word' id='word_1_102' title='bbox 903 1118 1066 1200; x_wconf 68' lang='lat' dir='ltr'>poiimatis,</span> <span class='ocrx_word' id='word_1_103' title='bbox 1083 1117 1177 1178; x_wconf 84' lang='lat' dir='ltr'>ulium</span> <span class='ocrx_word' id='word_1_104' title='bbox 1198 1118 1339 1179; x_wconf 82' lang='lat' dir='ltr'>ordinem</span> 
     </span>
     <span class='ocr_line' id='line_1_12' title="bbox 96 1202 1340 1297; baseline -0.006 -24"><span class='ocrx_word' id='word_1_105' title='bbox 96 1216 192 1297; x_wconf 72' lang='lat' dir='ltr'>poeto</span> <span class='ocrx_word' id='word_1_106' title='bbox 208 1209 357 1285; x_wconf 79' lang='lat' dir='ltr'>&#39;rustitui13</span> <span class='ocrx_word' id='word_1_107' title='bbox 372 1205 542 1284; x_wconf 82' lang='lat' dir='ltr'>seriemque</span> <span class='ocrx_word' id='word_1_108' title='bbox 566 1202 707 1264; x_wconf 82' lang='lat' dir='ltr'>consului</span> <span class='ocrx_word' id='word_1_109' title='bbox 734 1204 925 1287; x_wconf 74' lang='lat' dir='ltr'>perturbavit</span> <span class='ocrx_word' id='word_1_110' title='bbox 940 1224 1045 1263; x_wconf 78' lang='lat' dir='ltr'>earum</span> <span class='ocrx_word' id='word_1_111' title='bbox 1059 1224 1170 1275; x_wconf 86' lang='lat' dir='ltr'>rerum,</span> <span class='ocrx_word' id='word_1_112' title='bbox 1184 1224 1262 1283; x_wconf 84' lang='lat' dir='ltr'>quus</span> <span class='ocrx_word' id='word_1_113' title='bbox 1277 1204 1340 1265; x_wconf 85' lang='lat' dir='ltr'>bis·</span> 
     </span>
     <span class='ocr_line' id='line_1_13' title="bbox 97 1288 1303 1373; baseline -0.009 -12"><span class='ocrx_word' id='word_1_114' title='bbox 97 1299 213 1361; x_wconf 81' lang='lat' dir='ltr'>toricus</span> <span class='ocrx_word' id='word_1_115' title='bbox 228 1292 377 1367; x_wconf 77' lang='lat' dir='ltr'>sinuulus,</span> <span class='ocrx_word' id='word_1_116' title='bbox 394 1304 486 1373; x_wconf 89' lang='lat' dir='ltr'>prout</span> <span class='ocrx_word' id='word_1_117' title='bbox 499 1304 675 1365; x_wconf 83' lang='lat' dir='ltr'>evenerunt,</span> <span class='ocrx_word' id='word_1_118' title='bbox 688 1304 773 1350; x_wconf 86' lang='lat' dir='ltr'>recto</span> <span class='ocrx_word' id='word_1_119' title='bbox 789 1309 826 1349; x_wconf 86' lang='lat' dir='ltr'>uc</span> <span class='ocrx_word' id='word_1_120' title='bbox 838 1288 971 1349; x_wconf 80' lang='lat' dir='ltr'>naturali</span> <span class='ocrx_word' id='word_1_121' title='bbox 985 1288 1093 1349; x_wconf 81' lang='lat' dir='ltr'>ordine</span> <span class='ocrx_word' id='word_1_122' title='bbox 1106 1288 1303 1351; x_wconf 79' lang='lat' dir='ltr'>describeret.</span> 
     </span>
    </p>

    <p class='ocr_par' dir='ltr' id='par_1_4' title="bbox 89 1370 1342 2995">
     <span class='ocr_line' id='line_1_14' title="bbox 139 1370 1341 1457; baseline -0.007 -12"><span class='ocrx_word' id='word_1_123' title='bbox 139 1380 313 1445; x_wconf 67' lang='lat' dir='ltr'>Exordium</span> <span class='ocrx_word' id='word_1_124' title='bbox 340 1375 563 1449; x_wconf 85' lang='lat' dir='ltr'>brevissimum,</span> <span class='ocrx_word' id='word_1_125' title='bbox 590 1394 696 1435; x_wconf 81' lang='lat' dir='ltr'>versus</span> <span class='ocrx_word' id='word_1_126' title='bbox 720 1375 770 1434; x_wconf 82' lang='lat' dir='ltr'>vix</span> <span class='ocrx_word' id='word_1_127' title='bbox 798 1373 973 1455; x_wconf 79' lang='lat' dir='ltr'>quindecim</span> <span class='ocrx_word' id='word_1_128' title='bbox 988 1374 1083 1457; x_wconf 84' lang='lat' dir='ltr'><strong>capit.</strong></span> <span class='ocrx_word' id='word_1_129' title='bbox 1127 1370 1222 1435; x_wconf 86' lang='lat' dir='ltr'>Unde</span> <span class='ocrx_word' id='word_1_130' title='bbox 1237 1389 1341 1437; x_wconf 79' lang='lat' dir='ltr'>autem</span> 
     </span>
     <span class='ocr_line' id='line_1_15' title="bbox 95 1456 1341 1543; baseline -0.006 -13"><span class='ocrx_word' id='word_1_131' title='bbox 95 1467 145 1543; x_wconf 86' lang='lat' dir='ltr'>sit,</span> <span class='ocrx_word' id='word_1_132' title='bbox 159 1468 336 1529; x_wconf 79' lang='lat' dir='ltr'>dubitatur:</span> <span class='ocrx_word' id='word_1_133' title='bbox 354 1460 454 1521; x_wconf 80' lang='lat' dir='ltr'>utrum</span> <span class='ocrx_word' id='word_1_134' title='bbox 470 1460 511 1521; x_wconf 84' lang='lat' dir='ltr'>eb</span> <span class='ocrx_word' id='word_1_135' title='bbox 527 1458 587 1519; x_wconf 89' lang='lat' dir='ltr'>illis</span> <span class='ocrx_word' id='word_1_136' title='bbox 599 1460 757 1521; x_wconf 83' lang='lat' dir='ltr'>versibus:</span> <span class='ocrx_word' id='word_1_137' title='bbox 772 1456 830 1523; x_wconf 79' lang='lat' dir='ltr'>Ide</span> <span class='ocrx_word' id='word_1_138' title='bbox 844 1481 922 1543; x_wconf 86' lang='lat' dir='ltr'>ego,·</span> <span class='ocrx_word' id='word_1_139' title='bbox 938 1480 978 1519; x_wconf 84' lang='lat' dir='ltr'>an</span> <span class='ocrx_word' id='word_1_140' title='bbox 994 1460 1034 1519; x_wconf 84' lang='lat' dir='ltr'>nb</span> <span class='ocrx_word' id='word_1_141' title='bbox 1044 1460 1101 1535; x_wconf 89' lang='lat' dir='ltr'>bis,</span> <span class='ocrx_word' id='word_1_142' title='bbox 1113 1456 1213 1521; x_wconf 73' lang='lat' dir='ltr'>Arme</span> <span class='ocrx_word' id='word_1_143' title='bbox 1226 1460 1341 1523; x_wconf 83' lang='lat' dir='ltr'>virum·</span> 
     </span>
     <span class='ocr_line' id='line_1_16' title="bbox 94 1542 1340 1643; baseline -0.005 -28"><span class='ocrx_word' id='word_1_144' title='bbox 94 1574 153 1639; x_wconf 77' lang='lat' dir='ltr'>qno</span> <span class='ocrx_word' id='word_1_145' title='bbox 168 1574 254 1615; x_wconf 77' lang='lat' dir='ltr'>cunm</span> <span class='ocrx_word' id='word_1_146' title='bbox 299 1548 373 1625; x_wconf 73' lang='lat' dir='ltr'>Ego</span> <span class='ocrx_word' id='word_1_147' title='bbox 396 1546 435 1607; x_wconf 78' lang='lat' dir='ltr'>ab</span> <span class='ocrx_word' id='word_1_148' title='bbox 460 1544 507 1605; x_wconf 90' lang='lat' dir='ltr'>bis</span> <span class='ocrx_word' id='word_1_149' title='bbox 529 1558 604 1643; x_wconf 88' lang='lat' dir='ltr'>puto</span> <span class='ocrx_word' id='word_1_150' title='bbox 620 1544 811 1621; x_wconf 90' lang='lat' dir='ltr'>sumendum,</span> <span class='ocrx_word' id='word_1_151' title='bbox 826 1558 944 1605; x_wconf 84' lang='lat' dir='ltr'>veteres</span> <span class='ocrx_word' id='word_1_152' title='bbox 959 1557 1089 1621; x_wconf 86' lang='lat' dir='ltr'>secutus,</span> <span class='ocrx_word' id='word_1_153' title='bbox 1112 1542 1241 1627; x_wconf 81' lang='lat' dir='ltr'>Virgilii</span> <span class='ocrx_word' id='word_1_154' title='bbox 1257 1566 1340 1629; x_wconf 82' lang='lat' dir='ltr'>prte-</span> 
     </span>
     <span class='ocr_line' id='line_1_17' title="bbox 94 1629 1340 1718; baseline -0.006 -17"><span class='ocrx_word' id='word_1_155' title='bbox 94 1639 199 1701; x_wconf 89' lang='lat' dir='ltr'>sertim</span> <span class='ocrx_word' id='word_1_156' title='bbox 213 1634 368 1718; x_wconf 70' lang='lat' dir='ltr'>eeqirules:</span> <span class='ocrx_word' id='word_1_157' title='bbox 385 1632 437 1713; x_wconf 78' lang='lat' dir='ltr'>qui</span> <span class='ocrx_word' id='word_1_158' title='bbox 453 1644 573 1710; x_wconf 79' lang='lat' dir='ltr'>quoties</span> <span class='ocrx_word' id='word_1_159' title='bbox 589 1629 736 1693; x_wconf 86' lang='lat' dir='ltr'>AEneidos</span> <span class='ocrx_word' id='word_1_160' title='bbox 751 1630 926 1705; x_wconf 88' lang='lat' dir='ltr'>meminere,</span> <span class='ocrx_word' id='word_1_161' title='bbox 940 1630 1029 1691; x_wconf 86' lang='lat' dir='ltr'>toties</span> <span class='ocrx_word' id='word_1_162' title='bbox 1043 1650 1112 1691; x_wconf 84' lang='lat' dir='ltr'>eam</span> <span class='ocrx_word' id='word_1_163' title='bbox 1127 1630 1174 1691; x_wconf 92' lang='lat' dir='ltr'>bis</span> <span class='ocrx_word' id='word_1_164' title='bbox 1187 1631 1263 1713; x_wconf 83' lang='lat' dir='ltr'>ipsis</span> <span class='ocrx_word' id='word_1_165' title='bbox 1284 1652 1340 1693; x_wconf 80' lang='lat' dir='ltr'>vo-</span> 
     </span>
     <span class='ocr_line' id='line_1_18' title="bbox 94 1714 1342 1799; baseline -0.005 -14"><span class='ocrx_word' id='word_1_166' title='bbox 94 1725 183 1786; x_wconf 85' lang='lat' dir='ltr'>cibus</span> <span class='ocrx_word' id='word_1_167' title='bbox 198 1720 410 1799; x_wconf 72' lang='lat' dir='ltr'>designirnnt.</span> <span class='ocrx_word' id='word_1_168' title='bbox 445 1714 540 1777; x_wconf 86' lang='lat' dir='ltr'>Ovid.</span> <span class='ocrx_word' id='word_1_169' title='bbox 556 1714 663 1777; x_wconf 77' lang='lat' dir='ltr'>Amor.</span> <span class='ocrx_word' id='word_1_170' title='bbox 688 1714 708 1777; x_wconf 91' lang='lat' dir='ltr'>l.</span> <span class='ocrx_word' id='word_1_171' title='bbox 727 1722 755 1777; x_wconf 88' lang='lat'>1.</span> <span class='ocrx_word' id='word_1_172' title='bbox 771 1720 821 1777; x_wconf 78' lang='lat'>15.</span> <span class='ocrx_word' id='word_1_173' title='bbox 832 1720 884 1777; x_wconf 78' lang='lat'>25.</span> <span class='ocrx_word' id='word_1_174' title='bbox 902 1714 1040 1799; x_wconf 76' lang='lat' dir='ltr'>Tityrus,</span> <span class='ocrx_word' id='word_1_175' title='bbox 1056 1726 1083 1777; x_wconf 85' lang='lat' dir='ltr'>et</span> <span class='ocrx_word' id='word_1_176' title='bbox 1095 1726 1218 1799; x_wconf 73' lang='lat' dir='ltr'>segetes,</span> <span class='ocrx_word' id='word_1_177' title='bbox 1230 1718 1342 1781; x_wconf 83' lang='lat' dir='ltr'>AEuei&#39;-</span> 
     </span>
     <span class='ocr_line' id='line_1_19' title="bbox 93 1798 1341 1893; baseline -0.006 -21"><span class='ocrx_word' id='word_1_178' title='bbox 93 1830 173 1893; x_wconf 80' lang='lat' dir='ltr'>uque</span> <span class='ocrx_word' id='word_1_179' title='bbox 201 1820 288 1870; x_wconf 76' lang='lat' dir='ltr'>orme</span> <span class='ocrx_word' id='word_1_180' title='bbox 318 1804 468 1887; x_wconf 80' lang='lat' dir='ltr'>legentur.</span> <span class='ocrx_word' id='word_1_181' title='bbox 512 1798 600 1863; x_wconf 86' lang='lat' dir='ltr'>Idem</span> <span class='ocrx_word' id='word_1_182' title='bbox 627 1798 724 1862; x_wconf 85' lang='lat' dir='ltr'>Trist.</span> <span class='ocrx_word' id='word_1_183' title='bbox 752 1800 772 1862; x_wconf 94' lang='lat' dir='ltr'>l.</span> <span class='ocrx_word' id='word_1_184' title='bbox 788 1804 819 1862; x_wconf 73' lang='lat'>2</span> <span class='ocrx_word' id='word_1_185' title='bbox 836 1804 910 1863; x_wconf 84' lang='grc'><strong>533.</strong></span> <span class='ocrx_word' id='word_1_186' title='bbox 953 1799 1047 1863; x_wconf 76' lang='lat' dir='ltr'>Fetir</span> <span class='ocrx_word' id='word_1_187' title='bbox 1069 1800 1218 1864; x_wconf 74' lang='lat' dir='ltr'>JEnei&#39;dor</span> <span class='ocrx_word' id='word_1_188' title='bbox 1233 1814 1341 1865; x_wconf 81' lang='lat' dir='ltr'>auctor</span> 
     </span>
     <span class='ocr_line' id='line_1_20' title="bbox 98 1884 1341 1973; baseline -0.007 -15"><span class='ocrx_word' id='word_1_189' title='bbox 98 1892 240 1959; x_wconf 74' lang='lat' dir='ltr'>Contulit</span> <span class='ocrx_word' id='word_1_190' title='bbox 255 1892 288 1953; x_wconf 85' lang='lat' dir='ltr'>in</span> <span class='ocrx_word' id='word_1_191' title='bbox 307 1888 420 1973; x_wconf 76' lang='lat' dir='ltr'>&#39;J&#39;yn&#39;os</span> <span class='ocrx_word' id='word_1_192' title='bbox 447 1907 534 1949; x_wconf 83' lang='lat' dir='ltr'>ormo</span> <span class='ocrx_word' id='word_1_193' title='bbox 556 1885 711 1969; x_wconf 80' lang='lat' dir='ltr'>uirumque</span> <span class='ocrx_word' id='word_1_194' title='bbox 727 1896 818 1948; x_wconf 82' lang='lat' dir='ltr'>toros.</span> <span class='ocrx_word' id='word_1_195' title='bbox 863 1886 1007 1971; x_wconf 85' lang='lat' dir='ltr'>Propert.</span> <span class='ocrx_word' id='word_1_196' title='bbox 1024 1886 1044 1947; x_wconf 92' lang='lat' dir='ltr'>l.</span> <span class='ocrx_word' id='word_1_197' title='bbox 1059 1890 1091 1949; x_wconf 83' lang='lat'>2.</span> <span class='ocrx_word' id='word_1_198' title='bbox 1105 1890 1157 1947; x_wconf 80' lang='lat'>34.</span> <span class='ocrx_word' id='word_1_199' title='bbox 1173 1892 1226 1949; x_wconf 83' lang='grc'>63.</span> <span class='ocrx_word' id='word_1_200' title='bbox 1275 1884 1341 1972; x_wconf 76' lang='lat' dir='ltr'>Qui</span> 
     </span>
     <span class='ocr_line' id='line_1_21' title="bbox 92 1966 1340 2056; baseline -0.005 -13"><span class='ocrx_word' id='word_1_201' title='bbox 92 2000 174 2043; x_wconf 82' lang='lat' dir='ltr'>none</span> <span class='ocrx_word' id='word_1_202' title='bbox 193 1980 301 2043; x_wconf 80' lang='lat' dir='ltr'>AEnee</span> <span class='ocrx_word' id='word_1_203' title='bbox 330 1970 464 2056; x_wconf 74' lang='lat' dir='ltr'>&#39;l&#39;rrp&#39;uni</span> <span class='ocrx_word' id='word_1_204' title='bbox 490 1970 615 2033; x_wconf 76' lang='lat' dir='ltr'>suscitat</span> <span class='ocrx_word' id='word_1_205' title='bbox 640 1992 736 2033; x_wconf 73' lang='lat' dir='ltr'>urina.</span> <span class='ocrx_word' id='word_1_206' title='bbox 780 1970 937 2034; x_wconf 81' lang='lat' dir='ltr'>Martialis</span> <span class='ocrx_word' id='word_1_207' title='bbox 953 1972 972 2033; x_wconf 94' lang='lat' dir='ltr'>l.</span> <span class='ocrx_word' id='word_1_208' title='bbox 986 1978 1016 2033; x_wconf 75' lang='lat'>8.</span> <span class='ocrx_word' id='word_1_209' title='bbox 1033 1976 1084 2032; x_wconf 82' lang='grc'>56.</span> <span class='ocrx_word' id='word_1_210' title='bbox 1104 1977 1152 2033; x_wconf 83' lang='lat'>19.</span> <span class='ocrx_word' id='word_1_211' title='bbox 1189 1966 1340 2037; x_wconf 75' lang='lat' dir='ltr'>Protiniu</span> 
     </span>
     <span class='ocr_line' id='line_1_22' title="bbox 92 2055 1340 2145; baseline -0.01 -14"><span class='ocrx_word' id='word_1_212' title='bbox 92 2064 220 2131; x_wconf 79' lang='lat' dir='ltr'>Italiam</span> <span class='ocrx_word' id='word_1_213' title='bbox 247 2059 381 2145; x_wconf 80' lang='lat' dir='ltr'>concepit</span> <span class='ocrx_word' id='word_1_214' title='bbox 404 2068 432 2119; x_wconf 82' lang='lat' dir='ltr'>et</span> <span class='ocrx_word' id='word_1_215' title='bbox 453 2076 539 2117; x_wconf 83' lang='lat' dir='ltr'>orma</span> <span class='ocrx_word' id='word_1_216' title='bbox 560 2056 725 2138; x_wconf 77' lang='lat' dir='ltr'>uirumque,</span> <span class='ocrx_word' id='word_1_217' title='bbox 758 2055 821 2139; x_wconf 72' lang='lat' dir='ltr'>Qui</span> <span class='ocrx_word' id='word_1_218' title='bbox 844 2056 933 2119; x_wconf 85' lang='lat' dir='ltr'>modd</span> <span class='ocrx_word' id='word_1_219' title='bbox 950 2055 999 2118; x_wconf 75' lang='lat' dir='ltr'>eiu</span> <span class='ocrx_word' id='word_1_220' title='bbox 1014 2056 1135 2119; x_wconf 82' lang='lat' dir='ltr'>culicem</span> <span class='ocrx_word' id='word_1_221' title='bbox 1142 2056 1274 2139; x_wconf 75' lang='lat' dir='ltr'>fleverat</span> <span class='ocrx_word' id='word_1_222' title='bbox 1289 2080 1340 2120; x_wconf 83' lang='lat' dir='ltr'>ore</span> 
     </span>
     <span class='ocr_line' id='line_1_23' title="bbox 93 2140 1342 2227; baseline -0.007 -13"><span class='ocrx_word' id='word_1_223' title='bbox 93 2151 176 2215; x_wconf 79' lang='lat' dir='ltr'>rudi.</span> <span class='ocrx_word' id='word_1_224' title='bbox 221 2148 378 2212; x_wconf 78' lang='lat' dir='ltr'>Ausonius</span> <span class='ocrx_word' id='word_1_225' title='bbox 407 2142 505 2226; x_wconf 67' lang='lat' dir='ltr'>Epig.</span> <span class='ocrx_word' id='word_1_226' title='bbox 533 2144 603 2201; x_wconf 80' lang='lat'>129.</span> <span class='ocrx_word' id='word_1_227' title='bbox 647 2140 1048 2225; x_wconf 68' lang='lat' dir='ltr'>elrmaoiromquedocens,</span> <span class='ocrx_word' id='word_1_228' title='bbox 1070 2152 1160 2227; x_wconf 83' lang='lat' dir='ltr'>atque</span> <span class='ocrx_word' id='word_1_229' title='bbox 1180 2166 1265 2205; x_wconf 81' lang='lat' dir='ltr'>nemo</span> <span class='ocrx_word' id='word_1_230' title='bbox 1295 2144 1342 2205; x_wconf 84' lang='lat' dir='ltr'>ei·</span> 
     </span>
     <span class='ocr_line' id='line_1_24' title="bbox 92 2224 1339 2320; baseline -0.006 -20"><span class='ocrx_word' id='word_1_231' title='bbox 92 2258 219 2320; x_wconf 75' lang='lat' dir='ltr'>rumque</span> <span class='ocrx_word' id='word_1_232' title='bbox 229 2232 360 2319; x_wconf 76' lang='lat' dir='ltr'>peritos,</span> <span class='ocrx_word' id='word_1_233' title='bbox 384 2230 438 2307; x_wconf 60' lang='lat' dir='ltr'>dc.</span> <span class='ocrx_word' id='word_1_234' title='bbox 482 2224 527 2287; x_wconf 87' lang='lat' dir='ltr'>Et</span> <span class='ocrx_word' id='word_1_235' title='bbox 545 2224 619 2286; x_wconf 82' lang='lat' dir='ltr'>verb</span> <span class='ocrx_word' id='word_1_236' title='bbox 643 2226 749 2287; x_wconf 81' lang='lat' dir='ltr'>abesse</span> <span class='ocrx_word' id='word_1_237' title='bbox 772 2228 908 2308; x_wconf 65' lang='lat' dir='ltr'>preet‘ios</span> <span class='ocrx_word' id='word_1_238' title='bbox 932 2244 1065 2308; x_wconf 80' lang='lat' dir='ltr'>qirutuor</span> <span class='ocrx_word' id='word_1_239' title='bbox 1086 2248 1191 2289; x_wconf 90' lang='lat' dir='ltr'>versus</span> <span class='ocrx_word' id='word_1_240' title='bbox 1208 2227 1339 2292; x_wconf 71' lang='lat' dir='ltr'>sniSS.</span> 
     </span>
     <span class='ocr_line' id='line_1_25' title="bbox 92 2310 1341 2403; baseline -0.008 -18"><span class='ocrx_word' id='word_1_241' title='bbox 92 2322 314 2403; x_wconf 66' lang='lat' dir='ltr'>antiquissimis</span> <span class='ocrx_word' id='word_1_242' title='bbox 330 2328 456 2378; x_wconf 77' lang='lat' dir='ltr'>testatur</span> <span class='ocrx_word' id='word_1_243' title='bbox 470 2310 609 2373; x_wconf 87' lang='lat' dir='ltr'>Pierius:</span> <span class='ocrx_word' id='word_1_244' title='bbox 624 2310 702 2372; x_wconf 80' lang='lat' dir='ltr'>adeo</span> <span class='ocrx_word' id='word_1_245' title='bbox 716 2325 749 2373; x_wconf 90' lang='lat' dir='ltr'>ut</span> <span class='ocrx_word' id='word_1_246' title='bbox 761 2310 803 2373; x_wconf 89' lang='lat' dir='ltr'>N.</span> <span class='ocrx_word' id='word_1_247' title='bbox 821 2310 967 2373; x_wconf 86' lang='lat' dir='ltr'>Heinsius</span> <span class='ocrx_word' id='word_1_248' title='bbox 980 2332 1035 2371; x_wconf 88' lang='lat' dir='ltr'>nee</span> <span class='ocrx_word' id='word_1_249' title='bbox 1048 2310 1176 2374; x_wconf 87' lang='lat' dir='ltr'>editioni</span> <span class='ocrx_word' id='word_1_250' title='bbox 1189 2335 1254 2375; x_wconf 82' lang='lat' dir='ltr'>suae</span> <span class='ocrx_word' id='word_1_251' title='bbox 1269 2316 1341 2397; x_wconf 75' lang='lat' dir='ltr'>dig·</span> 
     </span>
     <span class='ocr_line' id='line_1_26' title="bbox 92 2394 1342 2477; baseline -0.005 -8"><span class='ocrx_word' id='word_1_252' title='bbox 92 2424 184 2471; x_wconf 80' lang='lat' dir='ltr'>natm·</span> <span class='ocrx_word' id='word_1_253' title='bbox 199 2408 238 2466; x_wconf 88' lang='lat' dir='ltr'>sit</span> <span class='ocrx_word' id='word_1_254' title='bbox 253 2403 438 2465; x_wconf 71' lang='lat' dir='ltr'>adscribere.</span> <span class='ocrx_word' id='word_1_255' title='bbox 484 2394 592 2477; x_wconf 77' lang='lat' dir='ltr'>vulgo</span> <span class='ocrx_word' id='word_1_256' title='bbox 608 2410 710 2457; x_wconf 82' lang='lat' dir='ltr'>tumen</span> <span class='ocrx_word' id='word_1_257' title='bbox 731 2396 956 2473; x_wconf 63' lang='lat' dir='ltr'>adscribuntur,</span> <span class='ocrx_word' id='word_1_258' title='bbox 971 2396 1024 2457; x_wconf 86' lang='lat' dir='ltr'>sed</span> <span class='ocrx_word' id='word_1_259' title='bbox 1054 2398 1180 2458; x_wconf 85' lang='lat' dir='ltr'>seorsim</span> <span class='ocrx_word' id='word_1_260' title='bbox 1207 2402 1246 2460; x_wconf 89' lang='lat' dir='ltr'>ab</span> <span class='ocrx_word' id='word_1_261' title='bbox 1272 2401 1342 2463; x_wconf 80' lang='lat' dir='ltr'>aliis</span> 
     </span>
     <span class='ocr_line' id='line_1_27' title="bbox 91 2480 1342 2573; baseline -0.007 -16"><span class='ocrx_word' id='word_1_262' title='bbox 91 2490 368 2573; x_wconf 75' lang='lat' dir='ltr'>corrsequeutibus:</span> <span class='ocrx_word' id='word_1_263' title='bbox 385 2484 465 2545; x_wconf 88' lang='lat' dir='ltr'>unde</span> <span class='ocrx_word' id='word_1_264' title='bbox 477 2482 646 2563; x_wconf 78' lang='lat' dir='ltr'>conjiciunt</span> <span class='ocrx_word' id='word_1_265' title='bbox 669 2482 807 2565; x_wconf 84' lang='lat' dir='ltr'>plerique</span> <span class='ocrx_word' id='word_1_266' title='bbox 822 2482 841 2543; x_wconf 71' lang='lat' dir='ltr'>iz</span> <span class='ocrx_word' id='word_1_267' title='bbox 855 2480 967 2545; x_wconf 79' lang='lat' dir='ltr'>Tucci</span> <span class='ocrx_word' id='word_1_268' title='bbox 991 2496 1021 2543; x_wconf 89' lang='lat' dir='ltr'>et</span> <span class='ocrx_word' id='word_1_269' title='bbox 1047 2480 1156 2557; x_wconf 86' lang='lat' dir='ltr'>Vario,</span> <span class='ocrx_word' id='word_1_270' title='bbox 1180 2487 1269 2565; x_wconf 84' lang='lat' dir='ltr'>quasi</span> <span class='ocrx_word' id='word_1_271' title='bbox 1285 2508 1342 2569; x_wconf 82' lang='lat' dir='ltr'>pa-</span> 
     </span>
     <span class='ocr_line' id='line_1_28' title="bbox 92 2568 1341 2660; baseline -0.006 -19"><span class='ocrx_word' id='word_1_272' title='bbox 92 2582 160 2641; x_wconf 87' lang='lat' dir='ltr'>rtim</span> <span class='ocrx_word' id='word_1_273' title='bbox 177 2590 267 2660; x_wconf 84' lang='lat' dir='ltr'>aptos</span> <span class='ocrx_word' id='word_1_274' title='bbox 283 2574 359 2635; x_wconf 82' lang='lat' dir='ltr'>turni</span> <span class='ocrx_word' id='word_1_275' title='bbox 369 2570 473 2653; x_wconf 85' lang='lat' dir='ltr'>operis</span> <span class='ocrx_word' id='word_1_276' title='bbox 488 2568 629 2645; x_wconf 82' lang='lat' dir='ltr'>exordio,</span> <span class='ocrx_word' id='word_1_277' title='bbox 646 2568 738 2629; x_wconf 77' lang='lat' dir='ltr'>titisse</span> <span class='ocrx_word' id='word_1_278' title='bbox 752 2569 908 2646; x_wconf 76' lang='lat' dir='ltr'>sublatos3</span> <span class='ocrx_word' id='word_1_279' title='bbox 924 2568 1021 2629; x_wconf 82' lang='lat' dir='ltr'>factos</span> <span class='ocrx_word' id='word_1_280' title='bbox 1035 2583 1137 2629; x_wconf 82' lang='lat' dir='ltr'>tamen</span> <span class='ocrx_word' id='word_1_281' title='bbox 1152 2568 1171 2629; x_wconf 81' lang='lat' dir='ltr'>ti</span> <span class='ocrx_word' id='word_1_282' title='bbox 1184 2568 1341 2645; x_wconf 70' lang='lat' dir='ltr'>Virgilio:</span> 
     </span>
     <span class='ocr_line' id='line_1_29' title="bbox 91 2646 1338 2743; baseline -0.006 -19"><span class='ocrx_word' id='word_1_283' title='bbox 91 2682 156 2727; x_wconf 89' lang='lat' dir='ltr'>non</span> <span class='ocrx_word' id='word_1_284' title='bbox 171 2662 294 2743; x_wconf 80' lang='lat' dir='ltr'>quidem</span> <span class='ocrx_word' id='word_1_285' title='bbox 311 2676 344 2719; x_wconf 90' lang='lat' dir='ltr'>nt</span> <span class='ocrx_word' id='word_1_286' title='bbox 355 2656 527 2729; x_wconf 77' lang='lat' dir='ltr'>exordium,</span> <span class='ocrx_word' id='word_1_287' title='bbox 544 2654 597 2715; x_wconf 87' lang='lat' dir='ltr'>sed</span> <span class='ocrx_word' id='word_1_288' title='bbox 613 2670 646 2715; x_wconf 90' lang='lat' dir='ltr'>ut</span> <span class='ocrx_word' id='word_1_289' title='bbox 668 2654 802 2716; x_wconf 83' lang='lat' dir='ltr'>auctoris</span> <span class='ocrx_word' id='word_1_290' title='bbox 817 2653 1012 2735; x_wconf 67' lang='lat' dir='ltr'>signaculum</span> <span class='ocrx_word' id='word_1_291' title='bbox 1035 2668 1212 2734; x_wconf 79' lang='lat' dir='ltr'>notamque,</span> <span class='ocrx_word' id='word_1_292' title='bbox 1236 2646 1338 2741; x_wconf 80' lang='lat' dir='ltr'>operis</span> 
     </span>
     <span class='ocr_line' id='line_1_30' title="bbox 90 2738 1339 2828; baseline -0.006 -17"><span class='ocrx_word' id='word_1_293' title='bbox 90 2747 222 2811; x_wconf 85' lang='lat' dir='ltr'>editioni</span> <span class='ocrx_word' id='word_1_294' title='bbox 239 2743 474 2828; x_wconf 64' lang='lat' dir='ltr'>praeligendum,</span> <span class='ocrx_word' id='word_1_295' title='bbox 490 2752 519 2800; x_wconf 92' lang='lat' dir='ltr'>et</span> <span class='ocrx_word' id='word_1_296' title='bbox 535 2740 614 2802; x_wconf 88' lang='lat' dir='ltr'>inter</span> <span class='ocrx_word' id='word_1_297' title='bbox 629 2740 819 2801; x_wconf 80' lang='lat' dir='ltr'>recitandum</span> <span class='ocrx_word' id='word_1_298' title='bbox 835 2742 876 2799; x_wconf 84' lang='lat' dir='ltr'>ub</span> <span class='ocrx_word' id='word_1_299' title='bbox 890 2761 927 2800; x_wconf 86' lang='lat' dir='ltr'>eo</span> <span class='ocrx_word' id='word_1_300' title='bbox 939 2738 1087 2821; x_wconf 84' lang='lat' dir='ltr'>supprimi</span> <span class='ocrx_word' id='word_1_301' title='bbox 1105 2740 1226 2801; x_wconf 85' lang='lat' dir='ltr'>solitum</span> <span class='ocrx_word' id='word_1_302' title='bbox 1238 2762 1246 2800; x_wconf 77' lang='grc' dir='ltr'><strong>ε</strong></span> <span class='ocrx_word' id='word_1_303' title='bbox 1259 2743 1339 2804; x_wconf 87' lang='lat' dir='ltr'>unde</span> 
     </span>
     <span class='ocr_line' id='line_1_31' title="bbox 90 2824 1337 2911; baseline -0.006 -15"><span class='ocrx_word' id='word_1_304' title='bbox 90 2835 163 2897; x_wconf 78' lang='lat' dir='ltr'>edm</span> <span class='ocrx_word' id='word_1_305' title='bbox 191 2832 293 2893; x_wconf 82' lang='lat' dir='ltr'>statim</span> <span class='ocrx_word' id='word_1_306' title='bbox 317 2828 471 2911; x_wconf 69' lang='lat' dir='ltr'>ordiretur</span> <span class='ocrx_word' id='word_1_307' title='bbox 495 2826 535 2887; x_wconf 82' lang='lat' dir='ltr'>ab</span> <span class='ocrx_word' id='word_1_308' title='bbox 557 2824 655 2887; x_wconf 63' lang='lat' dir='ltr'>almo</span> <span class='ocrx_word' id='word_1_309' title='bbox 671 2826 836 2911; x_wconf 79' lang='lat' dir='ltr'>uirumque,</span> <span class='ocrx_word' id='word_1_310' title='bbox 852 2830 908 2886; x_wconf 72' lang='lat' dir='ltr'>&amp;e</span> <span class='ocrx_word' id='word_1_311' title='bbox 924 2827 1041 2909; x_wconf 73' lang='lat' dir='ltr'>poiima</span> <span class='ocrx_word' id='word_1_312' title='bbox 1054 2825 1110 2885; x_wconf 88' lang='lat' dir='ltr'>sub</span> <span class='ocrx_word' id='word_1_313' title='bbox 1126 2824 1173 2885; x_wconf 88' lang='lat' dir='ltr'>bis</span> <span class='ocrx_word' id='word_1_314' title='bbox 1188 2828 1337 2904; x_wconf 83' lang='lat' dir='ltr'>versibus,</span> 
     </span>
     <span class='ocr_line' id='line_1_32' title="bbox 89 2912 748 2995; baseline -0.015 -12"><span class='ocrx_word' id='word_1_315' title='bbox 89 2939 153 2983; x_wconf 86' lang='lat' dir='ltr'>uon</span> <span class='ocrx_word' id='word_1_316' title='bbox 170 2919 228 2981; x_wconf 88' lang='lat' dir='ltr'>sub</span> <span class='ocrx_word' id='word_1_317' title='bbox 244 2916 323 2993; x_wconf 85' lang='lat' dir='ltr'>aliis,</span> <span class='ocrx_word' id='word_1_318' title='bbox 339 2914 507 2975; x_wconf 81' lang='lat' dir='ltr'>innotuisse</span> <span class='ocrx_word' id='word_1_319' title='bbox 519 2912 681 2995; x_wconf 82' lang='lat' dir='ltr'>probabile</span> <span class='ocrx_word' id='word_1_320' title='bbox 694 2926 748 2973; x_wconf 87' lang='lat' dir='ltr'>est.</span> 
     </span>
    </p>

    <p class='ocr_par' dir='ltr' id='par_1_5' title="bbox 89 2984 1339 3167">
     <span class='ocr_line' id='line_1_33' title="bbox 131 2984 1339 3081; baseline -0.007 -14"><span class='ocrx_word' id='word_1_321' title='bbox 131 3004 245 3067; x_wconf 65' lang='lat' dir='ltr'>nemis</span> <span class='ocrx_word' id='word_1_322' title='bbox 259 3002 332 3063; x_wconf 89' lang='lat' dir='ltr'>totis</span> <span class='ocrx_word' id='word_1_323' title='bbox 344 2998 509 3061; x_wconf 79' lang='lat' dir='ltr'>duodecim</span> <span class='ocrx_word' id='word_1_324' title='bbox 522 2995 618 3073; x_wconf 90' lang='lat' dir='ltr'>libris,</span> <span class='ocrx_word' id='word_1_325' title='bbox 633 2998 672 3060; x_wconf 90' lang='lat' dir='ltr'>ad</span> <span class='ocrx_word' id='word_1_326' title='bbox 687 3018 783 3081; x_wconf 86' lang='lat' dir='ltr'>usque</span> <span class='ocrx_word' id='word_1_327' title='bbox 798 2996 934 3059; x_wconf 87' lang='lat' dir='ltr'>duellum</span> <span class='ocrx_word' id='word_1_328' title='bbox 946 2996 1053 3059; x_wconf 83' lang='lat' dir='ltr'>AEneae</span> <span class='ocrx_word' id='word_1_329' title='bbox 1065 3016 1135 3057; x_wconf 91' lang='lat' dir='ltr'>curn</span> <span class='ocrx_word' id='word_1_330' title='bbox 1147 2984 1260 3057; x_wconf 83' lang='lat' dir='ltr'>Turno</span> <span class='ocrx_word' id='word_1_331' title='bbox 1269 3019 1339 3081; x_wconf 87' lang='lat' dir='ltr'>per·</span> 
     </span>
     <span class='ocr_line' id='line_1_34' title="bbox 89 3082 628 3167; baseline -0.019 -14"><span class='ocrx_word' id='word_1_332' title='bbox 89 3090 176 3155; x_wconf 84' lang='lat' dir='ltr'>tinet.</span> <span class='ocrx_word' id='word_1_333' title='bbox 224 3086 346 3151; x_wconf 81' lang='lat' dir='ltr'>Solotio</span> <span class='ocrx_word' id='word_1_334' title='bbox 360 3084 469 3167; x_wconf 84' lang='lat' dir='ltr'>incipit</span> <span class='ocrx_word' id='word_1_335' title='bbox 482 3084 502 3144; x_wconf 81' lang='lat' dir='ltr'>ti</span> <span class='ocrx_word' id='word_1_336' title='bbox 515 3082 628 3143; x_wconf 86' lang='lat' dir='ltr'>duello.</span> 
     </span>
    </p>

    <p class='ocr_par' dir='ltr' id='par_1_6' title="bbox 87 3164 1340 3593">
     <span class='ocr_line' id='line_1_35' title="bbox 133 3164 1339 3261; baseline -0.004 -22"><span class='ocrx_word' id='word_1_337' title='bbox 133 3174 289 3261; x_wconf 79' lang='lat' dir='ltr'>Episodin</span> <span class='ocrx_word' id='word_1_338' title='bbox 320 3187 400 3247; x_wconf 89' lang='lat' dir='ltr'>sont,</span> <span class='ocrx_word' id='word_1_339' title='bbox 426 3168 559 3231; x_wconf 76' lang='lat' dir='ltr'>lunonis</span> <span class='ocrx_word' id='word_1_340' title='bbox 580 3167 742 3230; x_wconf 85' lang='lat' dir='ltr'>consilium</span> <span class='ocrx_word' id='word_1_341' title='bbox 772 3168 810 3231; x_wconf 87' lang='lat' dir='ltr'>de</span> <span class='ocrx_word' id='word_1_342' title='bbox 837 3164 1043 3229; x_wconf 71' lang='lat' dir='ltr'>subvertendi</span> <span class='ocrx_word' id='word_1_343' title='bbox 1064 3164 1209 3249; x_wconf 76' lang='lat' dir='ltr'>Trojarni</span> <span class='ocrx_word' id='word_1_344' title='bbox 1230 3169 1339 3249; x_wconf 82' lang='lat' dir='ltr'>classe,</span> 
     </span>
     <span class='ocr_line' id='line_1_36' title="bbox 89 3250 1340 3344; baseline -0.004 -20"><span class='ocrx_word' id='word_1_345' title='bbox 89 3260 199 3329; x_wconf 77' lang='lat' dir='ltr'>AEnese</span> <span class='ocrx_word' id='word_1_346' title='bbox 213 3260 296 3344; x_wconf 72' lang='lat' dir='ltr'>opud</span> <span class='ocrx_word' id='word_1_347' title='bbox 312 3256 469 3319; x_wconf 85' lang='lat' dir='ltr'>Didonem</span> <span class='ocrx_word' id='word_1_348' title='bbox 485 3254 629 3331; x_wconf 84' lang='lat' dir='ltr'>diversio,</span> <span class='ocrx_word' id='word_1_349' title='bbox 654 3275 784 3330; x_wconf 83' lang='lat' dir='ltr'>amores,</span> <span class='ocrx_word' id='word_1_350' title='bbox 805 3254 943 3315; x_wconf 83' lang='lat' dir='ltr'>narratio</span> <span class='ocrx_word' id='word_1_351' title='bbox 956 3250 1088 3333; x_wconf 84' lang='lat' dir='ltr'>Trojani</span> <span class='ocrx_word' id='word_1_352' title='bbox 1105 3253 1251 3329; x_wconf 85' lang='lat' dir='ltr'>incendii,</span> <span class='ocrx_word' id='word_1_353' title='bbox 1275 3276 1340 3319; x_wconf 84' lang='lat' dir='ltr'>eae·</span> 
     </span>
     <span class='ocr_line' id='line_1_37' title="bbox 89 3338 1339 3429; baseline -0.005 -20"><span class='ocrx_word' id='word_1_354' title='bbox 89 3360 217 3429; x_wconf 82' lang='lat' dir='ltr'>temque</span> <span class='ocrx_word' id='word_1_355' title='bbox 232 3343 394 3426; x_wconf 71' lang='lat' dir='ltr'>ejrrsmodi,</span> <span class='ocrx_word' id='word_1_356' title='bbox 410 3362 482 3423; x_wconf 80' lang='lat' dir='ltr'>quae</span> <span class='ocrx_word' id='word_1_357' title='bbox 496 3355 601 3423; x_wconf 84' lang='lat' dir='ltr'>partes</span> <span class='ocrx_word' id='word_1_358' title='bbox 613 3340 736 3423; x_wconf 85' lang='lat' dir='ltr'>quidem</span> <span class='ocrx_word' id='word_1_359' title='bbox 759 3354 829 3401; x_wconf 88' lang='lat' dir='ltr'>sunt</span> <span class='ocrx_word' id='word_1_360' title='bbox 843 3338 968 3414; x_wconf 79' lang='lat' dir='ltr'>sobulae,</span> <span class='ocrx_word' id='word_1_361' title='bbox 993 3360 1057 3399; x_wconf 91' lang='lat' dir='ltr'>non</span> <span class='ocrx_word' id='word_1_362' title='bbox 1069 3352 1171 3399; x_wconf 81' lang='lat' dir='ltr'>autern</span> <span class='ocrx_word' id='word_1_363' title='bbox 1184 3340 1339 3403; x_wconf 81' lang='lat' dir='ltr'>actionis:</span> 
     </span>
     <span class='ocr_line' id='line_1_38' title="bbox 89 3424 1340 3515; baseline -0.002 -22"><span class='ocrx_word' id='word_1_364' title='bbox 89 3446 219 3515; x_wconf 80' lang='lat' dir='ltr'>possunt</span> <span class='ocrx_word' id='word_1_365' title='bbox 228 3431 309 3490; x_wconf 88' lang='lat' dir='ltr'>enim</span> <span class='ocrx_word' id='word_1_366' title='bbox 326 3430 366 3487; x_wconf 84' lang='lat' dir='ltr'>ub</span> <span class='ocrx_word' id='word_1_367' title='bbox 380 3426 511 3501; x_wconf 77' lang='lat' dir='ltr'>notione,</span> <span class='ocrx_word' id='word_1_368' title='bbox 527 3426 628 3507; x_wconf 81' lang='lat' dir='ltr'>qualis</span> <span class='ocrx_word' id='word_1_369' title='bbox 652 3426 743 3487; x_wconf 75' lang='lat' dir='ltr'>anteit</span> <span class='ocrx_word' id='word_1_370' title='bbox 758 3426 840 3487; x_wconf 83' lang='lat' dir='ltr'>nudtt</span> <span class='ocrx_word' id='word_1_371' title='bbox 868 3425 1024 3507; x_wconf 75' lang='lat' dir='ltr'>descripta</span> <span class='ocrx_word' id='word_1_372' title='bbox 1035 3436 1090 3501; x_wconf 84' lang='lat' dir='ltr'>est,</span> <span class='ocrx_word' id='word_1_373' title='bbox 1107 3424 1235 3486; x_wconf 88' lang='lat' dir='ltr'>omnino</span> <span class='ocrx_word' id='word_1_374' title='bbox 1247 3446 1340 3510; x_wconf 81' lang='lat' dir='ltr'>septt-</span> 
     </span>
     <span class='ocr_line' id='line_1_39' title="bbox 87 3510 1061 3593; baseline -0.009 -15"><span class='ocrx_word' id='word_1_375' title='bbox 87 3516 171 3593; x_wconf 80' lang='lat' dir='ltr'>ruri3</span> <span class='ocrx_word' id='word_1_376' title='bbox 194 3516 211 3575; x_wconf 75' lang='lat' dir='ltr'>ti</span> <span class='ocrx_word' id='word_1_377' title='bbox 229 3514 342 3587; x_wconf 65' lang='lat' dir='ltr'>miride,</span> <span class='ocrx_word' id='word_1_378' title='bbox 356 3515 420 3572; x_wconf 89' lang='lat' dir='ltr'>sine</span> <span class='ocrx_word' id='word_1_379' title='bbox 431 3510 520 3591; x_wconf 78' lang='lat' dir='ltr'>gravi</span> <span class='ocrx_word' id='word_1_380' title='bbox 532 3510 598 3589; x_wconf 89' lang='lat' dir='ltr'>ejus</span> <span class='ocrx_word' id='word_1_381' title='bbox 613 3510 835 3585; x_wconf 82' lang='lat' dir='ltr'>immutatione,</span> <span class='ocrx_word' id='word_1_382' title='bbox 848 3531 910 3571; x_wconf 91' lang='lat' dir='ltr'>non</span> <span class='ocrx_word' id='word_1_383' title='bbox 923 3522 1061 3593; x_wconf 89' lang='lat' dir='ltr'>possunt.</span> 
     </span>
    </p>

    <p class='ocr_par' dir='ltr' id='par_1_7' title="bbox 85 3593 1340 3848">
     <span class='ocr_line' id='line_1_40' title="bbox 130 3593 1340 3683; baseline -0.001 -22"><span class='ocrx_word' id='word_1_384' title='bbox 130 3598 294 3661; x_wconf 71' lang='lat' dir='ltr'>MOllb·</span> <span class='ocrx_word' id='word_1_385' title='bbox 322 3598 434 3677; x_wconf 85' lang='lat' dir='ltr'>ubique</span> <span class='ocrx_word' id='word_1_386' title='bbox 449 3594 627 3675; x_wconf 78' lang='lat' dir='ltr'>aequauiles,</span> <span class='ocrx_word' id='word_1_387' title='bbox 643 3608 674 3656; x_wconf 90' lang='lat' dir='ltr'>et</span> <span class='ocrx_word' id='word_1_388' title='bbox 695 3596 736 3657; x_wconf 81' lang='lat' dir='ltr'>ud</span> <span class='ocrx_word' id='word_1_389' title='bbox 761 3595 963 3656; x_wconf 80' lang='lat' dir='ltr'>imitationem</span> <span class='ocrx_word' id='word_1_390' title='bbox 979 3614 1016 3655; x_wconf 87' lang='lat' dir='ltr'>ac</span> <span class='ocrx_word' id='word_1_391' title='bbox 1031 3593 1267 3657; x_wconf 75' lang='lat' dir='ltr'>delectationem</span> <span class='ocrx_word' id='word_1_392' title='bbox 1281 3619 1340 3683; x_wconf 80' lang='lat' dir='ltr'>ap-</span> 
     </span>
     <span class='ocr_line' id='line_1_41' title="bbox 87 3678 1339 3763; baseline 0 -17"><span class='ocrx_word' id='word_1_393' title='bbox 87 3684 208 3747; x_wconf 78' lang='lat' dir='ltr'>tissimi.</span> <span class='ocrx_word' id='word_1_394' title='bbox 254 3678 520 3745; x_wconf 76' lang='lat' dir='ltr'>SENTENTIA</span> <span class='ocrx_word' id='word_1_395' title='bbox 549 3692 650 3738; x_wconf 84' lang='lat' dir='ltr'>uutem</span> <span class='ocrx_word' id='word_1_396' title='bbox 677 3693 708 3740; x_wconf 90' lang='lat' dir='ltr'>et</span> <span class='ocrx_word' id='word_1_397' title='bbox 731 3678 894 3741; x_wconf 85' lang='lat' dir='ltr'>DlCTlO</span> <span class='ocrx_word' id='word_1_398' title='bbox 922 3680 965 3740; x_wconf 88' lang='lat' dir='ltr'>sic</span> <span class='ocrx_word' id='word_1_399' title='bbox 990 3680 1132 3741; x_wconf 80' lang='lat' dir='ltr'>absoluta</span> <span class='ocrx_word' id='word_1_400' title='bbox 1147 3702 1184 3741; x_wconf 85' lang='lat' dir='ltr'>ac</span> <span class='ocrx_word' id='word_1_401' title='bbox 1199 3681 1339 3763; x_wconf 82' lang='lat' dir='ltr'>perlecta</span> 
     </span>
     <span class='ocr_line' id='line_1_42' title="bbox 85 3762 1337 3848; baseline -0.001 -16"><span class='ocrx_word' id='word_1_402' title='bbox 85 3784 144 3848; x_wconf 75' lang='lat' dir='ltr'>est,</span> <span class='ocrx_word' id='word_1_403' title='bbox 154 3784 189 3832; x_wconf 93' lang='lat' dir='ltr'>ut</span> <span class='ocrx_word' id='word_1_404' title='bbox 199 3770 248 3831; x_wconf 86' lang='lat' dir='ltr'>vel</span> <span class='ocrx_word' id='word_1_405' title='bbox 259 3770 319 3829; x_wconf 88' lang='lat' dir='ltr'>boc</span> <span class='ocrx_word' id='word_1_406' title='bbox 331 3780 462 3846; x_wconf 84' lang='lat' dir='ltr'>utroque</span> <span class='ocrx_word' id='word_1_407' title='bbox 475 3762 598 3825; x_wconf 84' lang='lat' dir='ltr'>nomine</span> <span class='ocrx_word' id='word_1_408' title='bbox 613 3762 756 3848; x_wconf 87' lang='lat' dir='ltr'>princeps</span> <span class='ocrx_word' id='word_1_409' title='bbox 771 3766 934 3847; x_wconf 82' lang='lat' dir='ltr'>po&#39;e&#39;tarum</span> <span class='ocrx_word' id='word_1_410' title='bbox 946 3764 1100 3847; x_wconf 78' lang='lat' dir='ltr'>Virgilius</span> <span class='ocrx_word' id='word_1_411' title='bbox 1115 3765 1275 3830; x_wconf 82' lang='lat' dir='ltr'>habendus</span> <span class='ocrx_word' id='word_1_412' title='bbox 1285 3784 1337 3833; x_wconf 82' lang='lat' dir='ltr'>srt.</span> 
     </span>
    </p>
   </div>
   <div class='ocr_carea' id='block_1_4' title="bbox 0 0 1444 5024">
    <p class='ocr_par' dir='ltr' id='par_1_8' title="bbox 0 0 1444 5024">
     <span class='ocr_line' id='line_1_43' title="bbox 0 0 1444 5024; baseline 0 2"><span class='ocrx_word' id='word_1_413' title='bbox 0 0 1444 5024; x_wconf 95' lang='lat' dir='ltr'> </span> 
     </span>
    </p>
   </div>
  </div>
 </body>
</html>
