2888 5026
572 199 577 205 ⁵
600 214 830 284 HISTORIA.
1269 221 1334 289 xvii

96 363 241 429 derivare
251 364 293 427 ad
308 384 341 426 se
354 383 415 427 non
427 364 605 448 potuissent,
620 378 703 428 vete·
735 386 816 428 anno
826 368 878 427 28.
887 363 1024 442 Servius,
1032 384 1112 428 anno
1120 368 1172 432 29.
1179 368 1277 450 Atqui
1284 368 1332 430 di·

98 471 170 512 rum
184 469 392 533 possessorum
407 449 538 532 querelis
550 449 582 512 in
605 450 703 532 speci-
734 450 860 512 visionis
872 450 1011 511 Actiacae
1023 463 1157 534 tempore
1166 473 1263 515 annos
1276 473 1333 514 nu·

99 534 315 610 emcommoti,
325 534 439 596 bellum
452 534 485 596 in
496 532 703 597 Octavianum
734 533 1332 617 merabatplenosatqueintegrosnovem

100 618 261 681 suscitant.
305 619 432 681 Asinius
447 617 560 696 Pollio,
575 617 622 681 M.
637 620 703 680 An·
735 620 925 701 actriginta:
948 620 1032 701 quod
1045 617 1193 683 incuriam
1205 623 1333 707 scripto·

100 703 180 766 tonii
191 702 358 785 singularis
368 705 494 782 amicus,
503 701 639 780 Galliam
649 701 705 766 ci·
736 725 804 766 rum
819 704 968 785 ejusmodi
983 703 1176 767 manifestam
1190 705 1268 769 lacit

101 786 257 872 salpinam
268 787 706 873 interimcopiistenet,&Al·
779 788 881 871 Igitur
892 788 934 850 sic
948 801 1059 851 statuo.
1088 787 1255 871 Virgilium
1264 791 1333 855 Asi·

125 873 191 935 ium
205 873 369 935 transitum
391 872 557 937 Octaviani
578 872 706 955 legioni-
738 874 791 939 nio
806 872 954 950 Pollioni,
966 888 1030 936 tum
1042 875 1074 935 in
1088 872 1334 959 Gallitcisupi-

147 978 162 1021 s
176 957 364 1035 intercludit,
380 972 414 1021 ut
429 972 548 1022 constat
557 979 594 1020 ex
608 957 707 1041 Appi·
738 958 780 1021 ni
800 960 829 1021 Aa
848 957 990 1036 Venetiit,
1013 960 1100 1040 cujus
1118 979 1190 1043 pars
1205 972 1252 1021 est
1265 980 1337 1041 ager

103 1062 177 1119 auo,
191 1042 247 1103 lib.
263 1047 294 1104 5.
339 1042 423 1105 Idem
445 1042 545 1105 Lucio
568 1042 708 1104 Perusiae
738 1042 938 1121 Mantuanus,
953 1064 1022 1106 cum
1044 1044 1174 1127 imperio
1193 1044 1338 1120 versanti,

103 1128 233 1190 obsesso
243 1128 397 1212 suppetias
406 1127 483 1190 serre
492 1128 605 1190 frustra
615 1148 709 1188 cona·
741 1129 804 1191 sive
827 1151 882 1212 per
896 1126 1025 1205 Varum,
1049 1150 1180 1210 quocum
1203 1127 1341 1212 philoso-

104 1226 165 1291 tus,
179 1212 237 1273 sub
253 1213 325 1275 anni
347 1214 499 1295 sequentis
520 1213 641 1291 initium
656 1211 709 1274 de-
740 1214 825 1299 phiae
840 1213 1005 1290 studuerat,
1018 1213 1081 1275 sive
1093 1233 1148 1297 per
1159 1210 1342 1277 Cornelium

104 1296 173 1360 ditis
186 1295 327 1375 Perusii,
349 1319 419 1360 cum
441 1312 557 1382 septem
579 1295 710 1378 legioni·
742 1298 880 1375 Gallum,
896 1298 959 1359 sive
975 1298 1175 1382 perseipsum
1191 1297 1343 1360 innotuis·

104 1383 165 1445 bus
175 1378 347 1460 Venetiam,
360 1382 392 1444 in
407 1382 470 1465 quit
481 1384 606 1464 regione
618 1379 711 1443 Man·
743 1406 789 1446 se:
845 1404 878 1444 er
899 1380 1074 1445 Pollionem
1097 1383 1343 1445 commendatum

104 1480 230 1545 tuaest,
245 1467 278 1528 in
293 1481 442 1550 potestate
453 1467 581 1530 Antonii
595 1466 649 1529 diu
664 1488 711 1528 re-
742 1490 808 1532 esse
822 1405 1004 1530 blaecenati:
1026 1487 1082 1551 per
1095 1468 1176 1529 hunc
1191 1467 1231 1530 ad
1247 1465 1343 1529 Octa·

105 1551 193 1630 tinet,
210 1565 244 1615 ut
258 1565 384 1615 testatur
396 1551 542 1615 Velleius.
742 1553 827 1616 viani
853 1552 986 1634 gratiam
1014 1553 1179 1636 irrepsisse.
1235 1551 1345 1632 Quan-

151 1637 255 1720 Atque
264 1637 331 1699 hoec
345 1637 399 1699 illa
411 1651 456 1700 est
464 1638 602 1720 Agraria
616 1636 711 1718 largi-
743 1661 836 1722 quam
857 1636 937 1699 enim
959 1652 1031 1701 tunc
1055 1637 1242 1699 diversarum
1258 1650 1346 1700 erant

106 1722 165 1801 tio,
180 1721 243 1805 quit
256 1720 409 1804 Virgilius
422 1723 549 1786 Andino
565 1723 714 1805 patrimo-
766 1724 877 1785 artium
890 1721 1048 1786 Maecenas
1071 1723 1099 1784 Aa
1120 1721 1238 1784 Pollio:
1262 1722 1345 1784 simi-

107 1807 164 1870 nio
178 1827 235 1870 suo
248 1808 412 1869 mulctatus
427 1822 482 1871 est.
506 1808 619 1888 Neque
633 1805 714 1867 enim
744 1746 844 1870 iitudo
869 1819 972 1868 tamen
996 1807 1167 1870 studiorum
1193 1808 1223 1869 du
1254 1826 1348 1889 aequa

107 1905 165 1970 est,
176 1913 231 1954 cur
241 1891 402 1954 Corradus
412 1892 616 1955 calamitatem
630 1890 715 1952 illam
769 1891 909 1955 robitatis
921 1891 1003 1953 fama
1016 1893 1059 1954 sic
1070 1905 1232 1974 utrumque
1246 1893 1347 1954 socia·

107 1978 259 2052 accidisse
284 1979 390 2060 poe'tar
405 1977 575 2060 suspicetur
596 1976 716 2038 decem·
746 1915 810 2055 bat,
826 1990 861 2039 ut
875 1997 958 2037 anno
972 1977 1109 2058 proxime
1125 1990 1267 2060 sequente
1291 1977 1347 2040 ad·

108 2062 203 2124 vitali
215 2061 268 2124 illa
280 2061 442 2140 divisione,
459 2083 530 2144 quse
542 2059 716 2122 Mutinense
747 2061 877 2125 ministri
892 2059 1100 2123 Brundusinae
1139 2062 1203 2122 acis
1218 2062 1278 2123 una
1292 2062 1347 2125 ad·

107 2146 226 2209 bellum
250 2159 355 2208 secuta
378 2160 433 2225 est,
449 2148 479 2208 tr
500 2146 550 2208 cui
572 2146 716 2207 intererat
748 2147 837 2209 bibiti
849 2146 920 2208 sint
964 2143 1060 2208 Certe
1070 2082 1223 2207 Pollionis
1235 2146 1266 2207 in
1275 2145 1348 2208 Vir-

111 2231 245 2295 Cicero:
260 2246 325 2294 tum
337 2232 417 2294 enim
432 2232 509 2294 levis
524 2245 589 2292 erat
601 2250 637 2291 ac
652 2229 715 2290 sere
747 2232 857 2315 gilium
875 2232 982 2315 priora
995 2230 1087 2293 fuisse
1101 2229 1220 2305 merita,
1234 2228 1348 2292 Maece·

110 2316 200 2381 nulla
217 2315 330 2381 Romae
349 2317 516 2380 Octaviani
539 2315 715 2390 auctoritas,
747 2318 827 2379 natis
856 2317 988 2401 potiora,
1015 2314 1065 2376 vel
1093 2335 1130 2376 ea
1156 2334 1204 2376 res
1229 2315 1349 2398 probat,

110 2416 148 2465 ut
169 2401 331 2485 optimates
345 2404 375 2464 tr
396 2403 460 2486 ipse
483 2401 596 2463 Cicero
619 2401 657 2464 de
679 2419 717 2460 eo
749 2401 833 2485 quod
845 2402 930 2486 prior
945 2401 964 2461 a
978 2398 1115 2482 Virgilio
1127 2398 1229 2483 gratia
1251 2398 1350 2460 Polli·

111 2486 289 2550 occidendo
300 2487 480 2567 cogitarent.
524 2484 632 2568 Quare
644 2482 717 2544 Vir·
750 2487 812 2564 oni,
842 2487 940 2568 major
958 2483 1131 2547 Maecenati
1165 2483 1262 2546 relata
1298 2483 1352 2545 sit:

111 2571 212 2655 gilius
227 2569 328 2631 dicere
340 2584 400 2632 tum
415 2573 452 2634 de
470 2571 524 2633 illo
540 2592 602 2631 non
617 2568 719 2652 potuit
749 2571 873 2652 Eclogti
883 2571 974 2633 unici
984 2592 1054 2632 mor
1067 2571 1098 2630 in
1108 2568 1191 2630 illius
1203 2570 1352 2630 honorem

111 2658 147 2719 id
162 2654 230 2717 Ecl.
250 2661 277 2716 l.
321 2653 407 2719 Deus
421 2656 507 2719 nobis
522 2655 583 2716 brec
599 2653 719 2736 otiose
751 2655 848 2734 editti3
873 2655 1035 2737 Georgicis
1050 2653 1160 2716 deinde
1174 2653 1261 2716 libris
1277 2675 1353 2735 quo·

111 2742 174 2817 cit,
204 2736 303 2822 neq'ue
329 2741 426 2803 istud:
461 2739 525 2802 Hic
545 2738 631 2802 illum
655 2737 720 2800 vidi
745 2756 821 2805 'tuor
836 2741 925 2821 hujus
942 2741 1058 2802 nomini
1073 2740 1267 2821 nuncupatis.

103 2826 259 2913 juvenem,
289 2823 440 2902 Moliboee,
490 2823 631 2886 uotunnis
659 2821 719 2884 Bis
792 2824 903 2888 Fretus
916 2825 953 2887 ea
967 2825 1230 2886 commendatione
1245 2822 1353 2904 Virgi-

112 2933 199 2973 senos
212 2909 262 2973 cui
271 2919 375 2972 nostro
388 2910 449 2972 dies
460 2849 572 2972 tritonia
575 2909 700 2992 sumunt
706 2930 720 2983 ,·
751 2912 820 2989 lius,
848 2931 941 2992 agros
962 2926 996 2972 ut
1018 2911 1166 2994 reciperet
1189 2930 1269 2985 suos,
1285 2906 1354 2969 Ro-

115 2995 218 3082 potuit
244 2995 318 3057 verb
342 2995 400 3057 hac
424 2993 616 3078 Philippensi
641 2993 720 3054 divi·
751 3018 833 3059 mam
850 2997 904 3058 sub
921 2996 992 3057 anni
1008 2996 1098 3076 hujus
1119 2994 1208 3054 initia
1222 2993 1356 3074 primurn

115 3083 220 3158 sione;
243 3082 313 3142 cum
329 3081 436 3162 sejam
452 3076 720 3142 OctavianusDi-
752 3082 845 3143 venit.
889 3080 1007 3162 ¹Quidni
1023 3081 1104 3140 enim
1118 3076 1257 3156 Virgilio
1272 3077 1310 3136 de
1325 3096 1357 3137 se

115 3167 148 3230 vi
157 3164 238 3228 Julii
248 3165 344 3227 lilium
356 3165 534 3249 appellaret,
543 3162 721 3244 summisque
752 3167 828 3228 fides
851 3163 1019 3226 habeatur?
1063 3162 1106 3222 At
1120 3159 1245 3241 Eclogzi
1259 3160 1358 3242 primis

141 3250 248 3312 olleret
282 3250 492 3313 triumviratus
529 3249 721 3312 auctoritate.
754 3253 811 3312 sub
823 3247 929 3328 Tityri
942 3245 1073 3329 persona
1085 3257 1221 3322 testatur,
1232 3243 1290 3307 sihi
1303 3266 1357 3306 an-

116 3274 220 3399 blulto
255 3336 357 3396 minias
393 3335 509 3396 serendi
543 3332 666 3396 Probus
696 3331 725 3390 bt
755 3349 785 3395 te
808 3332 935 3393 amissos
951 3352 1042 3413 agros
1057 3330 1192 3393 Romam
1216 3330 1357 3410 ignotam

117 3418 467 3503 PomponiusSabinus,
478 3418 530 3497 qui
543 3418 575 3479 id
585 3416 624 3477 ad
638 3414 724 3477 Acti-
756 3417 862 3479 luisse:
889 3415 997 3481 Urbem
1011 3439 1100 3501 quum
1113 3415 1215 3477 dicunt
1227 3413 1359 3478 Romam

120 3505 400 3567 acamdivisionem
414 3503 725 3584 rejiciunt,&annum
755 3501 907 3580 Meliboee,
926 3502 1037 3586 putavi
1062 3500 1180 3563 Stultus
1207 3522 1262 3584 ego
1289 3499 1359 3562 huic

120 3588 162 3652 U.
180 3587 218 3652 C.
232 3594 306 3651 723.
353 3585 435 3649 Ciun
448 3588 528 3649 enim
541 3588 558 3649 ὸ
571 3586 724 3671 plerisque
754 3597 864 3651 nostres
879 3585 1014 3662 similem,
1028 3588 1081 3665 dc.
1096 3606 1127 3647 se
1142 3585 1290 3647 libertatis
1303 3586 1359 3646 ob·

120 3674 262 3737 amnibus
275 3672 462 3755 Virgilianae
477 3675 550 3735 vitae
566 3672 723 3756 scriptori·
755 3674 889 3738 tinendae
916 3671 1018 3754 gratiis
1041 3671 1077 3732 eb
1099 3670 1283 3754 profectum:
1313 3668 1359 3730 Et

119 3762 178 3822 bus
204 3774 321 3821 certum
344 3758 392 3834 sit,
417 3757 569 3820 Bucolica
592 3757 724 3820 triennio
776 3769 919 3821 uoetonta
948 3753 1360 3819 uitRomsmtibicaususi-

119 3865 186 3907 esse
201 3842 351 3927 persecta3
374 3857 491 3904 certum
505 3843 587 3919 item,
603 3856 636 3905 ut
654 3862 725 3903 mox
755 3783 872 3906 iendis
953 3840 1068 3917 barim,
1085 3842 1138 3919 &a

119 3928 390 4004 demonstrabitur,
414 3926 569 4009 Eclogam
584 3942 726 4009 quartam
799 3927 881 3990 Eam
897 3929 938 3988 ob
959 3948 1023 3988 rem
1044 3926 1122 3987 inter
1143 3925 1262 3987 fabulas
1284 3936 1360 4007 puto

120 4035 205 4077 anno
219 4011 262 4075 U.
278 4012 318 4074 C.
341 4017 414 4076 714.
438 4012 582 4075 Pollione
604 4011 726 4074 Consu·
758 4012 907 4094 quicquid
921 4012 1015 4072 habet
1023 4011 1096 4073 vitae
1107 4010 1237 4092 scriptor
1249 4010 1287 4071 de
1296 4009 1362 4087 ejus

122 4099 162 4176 le,
187 4118 253 4159 esse
273 4097 403 4177 editam3
426 4111 542 4159 certum
558 4097 590 4158 id
605 4117 727 4180 quoque
759 4098 799 4158 ad
815 4096 980 4158 Octaviani
999 4097 1131 4175 gratiam
1155 4095 1254 4157 aditu:
1278 4088 1362 4172 quod

122 4183 300 4245 habendum
314 4196 369 4260 est,
385 4184 518 4266 spatium
542 4182 616 4243 illud
633 4183 728 4243 trien·
760 4183 907 4263 magistro
917 4182 1028 4243 stabuli
1045 4181 1155 4242 charus
1170 4176 1303 4261 primum
1315 4174 1363 4235 fu·

125 4266 172 4330 nii
184 4267 265 4329 circa
277 4265 483 4330 Consulatum
495 4267 648 4329 Pollionis
664 4287 729 4328 om-
760 4269 830 4330 erit:
847 4267 930 4348 quod
943 4287 1037 4350 panes
1050 4266 1148 4327 eidem
1161 4278 1195 4324 ut
1205 4260 1257 4321 uni
1271 4257 1289 4320 ὲ
1303 4271 1364 4319 sta·

125 4352 275 4415 ninoesse
287 4354 521 4416 numerandum.
544 4353 634 4414 Adde
646 4350 730 4432 quod
760 4351 890 4414 bulariis
905 4351 936 4413 in
953 4350 1090 4432 singulos
1105 4350 1170 4411 dies
1186 4342 1264 4405 dati:
1280 4342 1364 4425 quod

124 4437 210 4499 idem
224 4435 287 4517 ipse
298 4435 490 4522 Pomponius
503 4435 671 4519 Virgilium
683 4435 730 4497 di·
761 4437 963 4511 Octavianus,
980 4437 1018 4496 de
1031 4453 1143 4515 genere
1158 4449 1194 4489 ae
1210 4441 1296 4509 patre
1308 4447 1365 4489 suo

125 4535 179 4585 cat
200 4518 331 4582 edidisse
351 4522 505 4586 Bucolica
526 4543 607 4585 anuo
631 4519 731 4585 aetatis
762 4522 929 4605 aliquando
952 4520 1099 4592 solicitus,
1122 4511 1311 4611 consuluerit
1329 4511 1367 4571 esi

127 4610 181 4673 23.
205 4617 261 4672 aut
283 4608 335 4670 24.
357 4606 480 4675 Probus
502 4609 531 4673 lt
551 4607 733 4678 Pedianus·
761 4609 801 4674 de
815 4627 848 4673 re
870 4603 1071 4672 stabularium
1085 4596 1264 4676 Maronem
1285 4614 1366 4680 ejus·
