2880 5024
81 302 87 317 ‚
125 226 199 289 aaa
500 216 540 282 r.
562 214 756 281 vracrmr
778 215 984 283 rraaoms

126 393 187 455 que
198 366 292 453 operi
301 365 465 451 speraverit
477 378 593 448 patrem
607 385 639 427 se
653 366 723 447 pos·
755 366 848 427 variis
861 366 1041 442 carminum,
1055 386 1126 448 quae
1141 366 1357 446 meditabatur,

125 478 159 519 se
173 477 259 519 sumn
273 453 355 514 cerui
370 451 550 531 intelligere,
563 454 636 532 quia
647 452 673 510 is
685 451 724 510 de
756 450 934 531 fragmentis
956 450 1172 529 concinniss03
1204 452 1288 533 quod
1312 452 1357 515 le·

125 562 237 605 canum
259 556 465 620 equorumque
486 556 597 616 genere
616 556 653 596 ac
668 556 723 617 pa·
755 535 840 617 genti
853 556 1033 619 persuasum
1045 534 1110 598 sore
1118 535 1211 598 sacili
1221 536 1356 601 conlido.

125 628 260 689 rentibus
287 622 362 686 scite
384 621 536 683 interdurn
558 620 723 702 responde-
806 661 888 709 m
898 661 926 709 U.
934 662 997 710 ω]
1000 662 1021 708 4·
1051 662 1161 721 MP,
1196 662 1258 727 Μ,
1265 664 1304 713 81.

123 710 187 774 bat.
231 707 337 771 Fuerit
346 708 425 770 enim
439 705 512 767 veui
524 703 649 766 Maroni
662 708 723 764 sin·
893 724 938 771 cir.
949 724 1073 771 marnas
1083 716 1218 774 cuneus.

124 794 240 877 'gudaris
253 795 315 869 illa,
331 813 423 871 quarn
435 790 537 873 reipsa
551 790 642 851 fuisse
652 788 722 852 libri
892 784 1029 834 ΗΜ
1040 786 1141 835 Pomm.

126 880 272 961 Georgici
285 877 451 953 declarant,
471 873 723 936 reiveterinarioe
753 852 1060 941 OCTAVIANUS
1078 874 1209 941 Lucium
1223 876 1357 943 Antoni·

123 966 249 1048 peritia3
284 962 395 1024 iruerint
424 963 493 1023 haec
521 960 626 1020 omnia
652 979 723 1040 quae
755 985 806 1026 um
830 964 998 1045 urbemque
1020 962 1181 1031 Perusiam
1202 962 1358 1027 deditione

50 1062 77 1133 ',
123 1061 465 1129 narranmrtcrnporum
478 1044 590 1107 rationi
602 1063 723 1105 accom-
756 1048 878 1131 accipit.
902 1045 1030 1110 Marcus
1041 1048 1072 1109 iu
1088 1046 1210 1110 ltaliam
1222 1048 1357 1123 veniens,

122 1134 225 1211 moda,
238 1145 271 1194 ut
284 1132 409 1193 minimi
425 1145 509 1193 suut:
525 1130 592 1211 quis
605 1141 723 1190 tantum
756 1133 891 1195 maximo
903 1131 975 1194 belli
986 1147 1068 1193 metu
1081 1132 1173 1210 sacto,
1187 1131 1357 1195 Brundusii

121 1218 286 1283 Octaviani
301 1217 391 1278 luisse
401 1231 554 1299 stuporem
565 1214 679 1290 credat,
691 1227 724 1274 ut
755 1239 862 1303 pacem
886 1238 957 1279 cum
979 1216 1155 1288 Octaviano
1182 1219 1359 1301 componit;

120 1303 314 1365 veterinariae
327 1302 487 1364 medicinoe
500 1322 567 1361 eam
582 1320 647 1360 esse
660 1298 724 1359 vim
755 1303 949 1378 administris,
987 1323 1025 1364 ex
1057 1316 1145 1386 parte
1179 1301 1357 1379 Octaviani,

121 1389 178 1453 sibi
204 1388 413 1470 persuaderem
443 1398 496 1448 aut
517 1398 634 1446 tautam
655 1382 723 1445 Ro·
754 1388 942 1465 Maecenate3
973 1408 1010 1449 ex
1032 1401 1120 1471 parte
1143 1385 1256 1464 Marci,
1280 1386 1359 1450 Pol·

120 1474 203 1536 maui
219 1473 312 1537 moris
329 1473 491 1547 inscitiam,
515 1483 548 1530 ut
570 1488 722 1553 seregent
754 1473 845 1536 lione.
904 1472 1037 1534 Octavia
1066 1492 1153 1534 soror
1179 1472 1358 1548 Octaviani,

119 1557 346 1643 magnanimum
370 1553 557 1642 appellaret?
588 1567 642 1616 aut
664 1553 722 1635 ipsi
754 1572 876 1621 mortuo
894 1555 1046 1619 Marcello
1061 1556 1164 1640 priore
1176 1554 1358 1633 viro„Mar·

120 1640 258 1725 Virgilio
273 1655 389 1705 tantam
412 1642 583 1703 futurorum
598 1653 724 1701 eventu·
755 1666 793 1705 co
808 1642 945 1705 Antonio
960 1644 1073 1723 conjux
1087 1642 1188 1703 datur.
1212 1640 1360 1705 Redeunt

120 1748 173 1791 um
196 1727 346 1805 notitiam,
371 1740 405 1789 ut
428 1725 634 1788 Octavianum
655 1722 723 1785 da·
754 1728 890 1790 Romam
901 1724 1360 1791 Triumviri2sedSextoPom-

116 1812 205 1899 gasti
213 1814 337 1875 nomine
350 1810 528 1895 appellaret,
541 1824 611 1870 aute
625 1827 724 1870 annos
755 1814 826 1897 pelo
840 1810 951 1893 Magni
976 1810 1041 1873 filio
1056 1832 1141 1873 mare
1156 1810 1296 1874 Siculum
1311 1814 1360 1874 in.

120 1896 280 1961 minimum
290 1895 532 1979 quatuordecim,
546 1894 637 1976 quim
647 1904 725 1954 esset
755 1898 838 1959 sestis
863 1898 995 1959 navibus
1017 1896 1183 1972 obtinente,
1208 1896 1304 1959 sames
1326 1898 1359 1961 in

121 1982 293 2045 honorifica
320 1981 375 2043 illa
401 1980 568 2064 appellatio
597 1980 661 2059 ejus
691 1978 723 2038 in
755 1984 831 2044 urbe
846 1981 975 2045 saeviens
990 1982 1096 2043 urbem
1116 1982 1147 2043 in
1162 1979 1360 2045 Triumviros

120 2067 255 2151 gratiam
269 2067 417 2130 instituta.
448 2063 552 2148 Quid?
568 2064 661 2143 jocus
675 2063 723 2144 ip·
755 2068 902 2129 concitat.
947 2065 1179 2129 Octavianus&
1193 2066 1359 2145 Antonius,

119 2174 153 2215 se
163 2152 256 2236 quiam
265 2151 411 2214 insulsus:
425 2150 550 2251 pistoris
558 2147 655 2209 filium
665 2147 723 2208 sibi
755 2151 774 2213 a
786 2151 876 2236 plebe
890 2152 1008 2213 tantiam
1020 2172 1083 2213 non
1098 2150 1215 2229 laniati,
1229 2152 1268 2214 de
1282 2173 1360 2236 pace
1418 2224 1427 2237 ⁸

120 2236 328 2302 Octavianum
338 2237 434 2300 viden
448 2234 531 2318 quod
543 2252 638 2317 panes
647 2230 724 2293 libe·
755 2258 826 2298 cum
837 2236 871 2299 S.
882 2236 1035 2320 Pompeio
1045 2236 1232 2300 conveniunt
1241 2238 1280 2301 ad
1293 2236 1359 2299 Pu·

119 2322 384 2403 ralitererogaret.
415 2320 476 2383 Cui
493 2318 606 2381 fabulae
621 2317 724 2379 locum
755 2321 863 2399 aeolos,
889 2322 921 2383 in
945 2320 1034 2383 litore
1061 2320 1256 2405 Campaniae.
1309 2319 1361 2384 lta

53 2444 60 2453 ·
119 2422 196 2493 puto
231 2405 470 2488 raebuissequod
484 2404 565 2488 apud
580 2401 724 2464 Suetoui-
754 2406 933 2490 compositis
948 2406 1049 2483 rebus,
1064 2406 1174 2468 laetitia
1188 2407 1361 2469 communis

117 2514 173 2555 um
202 2429 330 2572 ligitur:
354 2490 524 2552 Antonium
548 2487 724 2551 Octaviano
755 2493 785 2553 dr
798 2512 899 2554 rerum
922 2491 1060 2553 omnimn
1082 2492 1175 2575 copia
1196 2492 1229 2555 in
1251 2492 1359 2555 urbem

120 2578 321 2640 interesetera
327 2576 441 2659 probra
449 2574 572 2637 solitum
579 2572 724 2654 objicere,
756 2577 844 2638 redit.
867 2574 1062 2639 Decedunts
1078 2578 1258 2657 magistratu
1273 2574 1361 2641 Cou-

120 2660 206 2746 qudd
220 2680 371 2744 proavum
384 2660 510 2721 haberet
522 2659 678 2742 pistorem.
757 2661 847 2737 sules,
859 2660 1011 2723 Calvinus
1023 2662 1051 2722 dr
1064 2660 1179 2738 Pollio,
1195 2660 1228 2722 in
1241 2682 1362 2745 paucos

165 2744 237 2807 Hoc
252 2745 356 2827 itaque
369 2766 451 2807 auno
465 2746 581 2828 scripta
602 2757 648 2804 est
661 2740 725 2803 Ec·
757 2746 810 2827 qui
821 2759 1000 2828 supererant
1009 2745 1082 2808 auni
1090 2745 1179 2828 hujus
1190 2747 1264 2823 dies,
1273 2767 1362 2809 more

120 2830 198 2913 loga
211 2831 322 2915 prima,
333 2831 497 2913 quapoita
508 2828 637 2891 suumin
648 2848 726 2909 agro
758 2831 881 2893 illorum
897 2846 1079 2914 temporum.
1106 2831 1260 2893 Antonius
1275 2852 1364 2894 erer-

121 2916 334 2999 recupcrando
349 2915 524 2977 felicitatem
548 2915 605 2975 sub
620 2911 726 2994 Tityri
758 2916 836 2979 cittis
849 2915 895 2977 sni
908 2930 1037 2999 partem,
1048 2928 1082 2976 ut
1093 2937 1148 2998 per
1157 2917 1298 2997 hyemem
1309 2936 1365 2979 ει·

122 3003 302 3065 nominare
326 3014 479 3062 raeseutat.
522 2998 660 3061 Proinde
675 3018 727 3059 ex·
758 3015 884 3077 arceret,
901 3001 993 3062 mittit
1021 2999 1166 3061 adversius
1181 3000 1362 3080 Parthinos,

121 3108 210 3150 orsas
225 3100 269 3149 est
317 3084 446 3162 ucolica,
460 3084 529 3148 ciam
544 3104 658 3145 artuum
674 3082 728 3144 de·
760 3083 1171 3169 gentemlllyricam‚&olinr
1181 3084 1273 3147 Bruti
1282 3085 1363 3149 Cas·

122 3186 259 3235 curreret
268 3192 383 3233 nonum
394 3192 430 3232 ac
442 3169 640 3251 vigesimum3
656 3187 727 3230 nec·
759 3170 857 3251 siique
869 3170 1052 3247 studiosam3
1075 3170 1365 3254 expeditionemque

122 3257 195 3319 dum
215 3255 290 3319 ldus
313 3256 465 3319 Octobres
489 3254 649 3336 attigisset,
665 3272 728 3335 quo
758 3255 896 3319 Pollioni
907 3276 963 3317 suo
974 3254 1149 3331 committit,
1159 3269 1194 3318 ut
1206 3255 1365 3337 colligitur

123 3354 261 3425 ternpore
283 3341 472 3421 trigesimum
487 3353 552 3401 erat
574 3341 728 3421 ingressu·
759 3362 798 3404 ex
811 3342 876 3422 ejus
888 3341 1045 3426 triumpho
1057 3340 1096 3402 de
1107 3337 1265 3405 Partirinis
1280 3361 1366 3405 anuo

124 3423 728 3507 rus.StatirnquellomdprofectusMan·
759 3427 900 3511 proxime
916 3439 1131 3509 consequente.

123 3522 220 3587 tuam,
233 3530 390 3591 novosque
402 3529 590 3594 possessores
601 3522 728 3571 conatus
803 3509 965 3593 Virgilius,
979 3513 1049 3574 etim
1066 3512 1147 3573 filius
1158 3508 1296 3573 Pollioni
1308 3531 1365 3573 ua·

124 3616 163 3657 ex
176 3615 253 3677 agro
264 3595 384 3675 ejicere,
397 3595 506 3658 Arium
521 3614 630 3677 nempe
644 3592 728 3654 Ceu·
759 3608 808 3656 tus
837 3611 925 3672 esset,
949 3599 1014 3678 ejus
1039 3597 1255 3679 genethliacon
1280 3595 1366 3657 cauit

124 3682 288 3757 turionern,
311 3693 364 3743 aut
384 3680 604 3765 primipilarem
625 3676 729 3740 Milie·
759 3678 884 3763 Eclogd
906 3682 1031 3762 quartd3
1065 3694 1230 3763 antequam
1259 3678 1367 3744 Pollio

125 3786 201 3831 uum
244 3764 413 3843 Toronem,
456 3778 510 3827 aut
552 3777 729 3827 veteranum
760 3766 974 3847 magistratum
989 3766 1170 3843 abdicisset,
1184 3786 1297 3828 namv.
1313 3770 1365 3828 ll.

40 3909 47 3925 ,
126 3848 310 3915 Claudium:
334 3852 442 3927 abeo,
466 3849 605 3932 quisquis
628 3847 728 3925 suerit,
765 3848 866 3934 Teque
878 3850 952 3915 oded
965 3852 1053 3915 decus
1062 3850 1118 3914 ltoc
1130 3851 1196 3928 reni,
1209 3860 1237 3913 te
1246 3848 1367 3913 Consu·

127 3936 209 3999 malie
232 3935 365 4012 habitus,
386 3934 471 4016 aegri
485 3936 560 3998 vitoe
574 3954 640 3997 suoe
654 3954 729 3995 cou·
760 3935 798 4013 le,
822 3934 922 4013 inid-it,
946 3934 1071 4012 Pollia·
1100 3951 1171 4035 post
1192 3934 1368 3999 Brundusi-

126 4022 230 4099 auluit,
246 4018 366 4083 Mincio
381 4033 486 4082 natatu
500 4023 639 4102 trajecto.
661 4018 730 4081 Ro·
761 4041 833 4083 nam
848 4042 957 4103 pacem
972 4019 1125 4084 Pollioms
1142 4020 1238 4104 operi
1251 4017 1368 4082 consti·

125 4126 211 4171 mam
226 4125 391 4187 regressus,
406 4120 441 4167 ut
454 4106 516 4166 vim
536 4126 619 4167 novo
633 4102 730 4168 ocra·
761 4118 870 4181 tutam,
881 4126 952 4169 uanr
961 4126 991 4169 v.
1006 4112 1055 4169 l'l.
1097 4103 1307 4189 Paestumque
1320 4126 1369 4167 re·

125 4192 214 4257 viani
227 4192 330 4255 edicto
349 4191 537 4274 reprimeret,
565 4189 730 4271 Eclogam,
758 4202 813 4277 get
828 4191 944 4275 patriis
965 4188 1125 4253 virtutibus
1151 4188 1267 4253 miens
1298 4202 1370 4273 post

25 4324 32 4333 .
128 4296 201 4359 quae
215 4276 324 4341 ordine
345 4296 428 4338 nona
450 4274 573 4357 legitur,
587 4273 732 4337 obtulisse
764 4278 991 4361 pacenmetiam
1006 4274 1223 4353 Puteolanam,
1246 4270 1370 4337 invecti

127 4362 251 4427 videtur
278 4360 376 4438 Varo,
406 4360 489 4443 apud
526 4360 732 4423 Octavianum
765 4362 882 4423 scilicet
902 4362 935 4423 in
955 4362 1063 4425 urbem
1079 4359 1279 4437 abundantii,
1294 4359 1369 4420 nam

28 4484 35 4493 -
129 4446 277 4525 muoso,
301 4447 387 4529 quasi
410 4445 547 4508 libellum
563 4444 732 4529 supplicem
763 4467 794 4508 v.
810 4451 862 4510 21.
906 4444 987 4533 Ipsae
1008 4443 1085 4509 laete
1106 4444 1226 4508 doraum
1239 4440 1370 4529 reserent

128 4524 324 4614 iudicemque
349 4531 549 4608 calarnitatis3
592 4551 731 4612 eamque,
763 4531 893 4595 distenta
913 4530 1039 4617 capelle
1062 4528 1175 4609 Ubera,
1194 4532 1252 4597 &c-
1271 4525 1370 4609 igitur

92 4690 100 4697 ,
127 4624 167 4673 at
185 4633 235 4679 res
256 4618 398 4701 urgebat,
413 4616 563 4681 subitario
576 4615 692 4701 impetu
713 4614 732 4681 ὸ
763 4612 1369 4685 subextremotaonitlies.1'aritmenim
