2888 5026
126 211 179 276 xiv
488 195 541 315 Ῥ.
563 191 759 263 VIRGILII
779 190 985 260 MARONIS

159 385 551 502 multtatus.
570 378 698 449 mli*
759 341 1362 509 {siffitttllttlllltitlt

282 516 311 562 C·
321 516 453 562 samnius.
759 512 832 596 ique
853 512 981 577 facibus
995 512 1126 575 collecto
1140 534 1204 575 esse
1218 512 1361 574 manifes-

127 578 374 669 Nsscrrun
382 593 542 672 octavius,
551 592 606 676 qui
617 591 729 656 serare
759 610 824 660 tum
851 611 907 660 esc
961 595 1001 660 ln
1033 596 1198 661 catarecte
1224 610 1254 660 et
1279 595 1362 680 ups-

129 687 288 770 Augustus
303 679 473 766 appellatus
485 692 530 741 est
539 683 569 741 9.
580 676 653 740 Kal.
664 678 728 740 Oc·
799 681 945 759 ommalis,
967 696 1003 746 ut
1022 682 1119 746 multa
1140 698 1210 745 sunt
1232 683 1362 763 indigna

129 773 193 834 tob.
216 769 307 831 idest
326 769 369 828 23
388 763 548 848 Septemb.
569 763 665 826 Patre
687 762 727 826 C.
755 704 906 849 ξἓὲἰτςίϋο,
921 781 1048 851 propter
1060 766 1225 831 maledicos
1237 768 1362 830 etinve-

129 855 278 931 Octuvi03
310 846 412 929 Matre
444 848 540 926 Attii,
573 846 620 911 M.
649 847 728 909 Attii
760 854 912 917 recuudos
935 852 1029 931 sales;
1050 853 1096 915 ita
1117 851 1251 936 paucula
1276 873 1363 935 quae·

129 938 223 1002 Balbi
238 950 268 1000 et
288 935 382 997 Juliae
397 933 479 996 illius
494 932 568 1010 filit,
587 952 658 1015 quae
672 932 729 994 Ju·
760 938 832 1000 dam
847 938 955 1002 eodem
969 939 1163 1003 adolescente
1177 937 1274 1019 digna
1290 957 1365 1021 pos-

128 1022 163 1087 lii
176 1021 310 1087 Caesaris
323 1040 412 1083 soror
433 1018 499 1082 fuit.
543 1018 651 1101 Quare
665 1017 729 1082 Oc·
760 1035 831 1085 sunt
842 1023 949 1086 videri.
992 1021 1044 1085 De
1059 1021 1129 1085 Uiri
1137 1036 1168 1085 et
1182 1020 1285 1086 Colice
1297 1042 1364 1084 ma·

129 1109 229 1173 tavius
249 1106 307 1168 luit
328 1103 465 1169 Caesaris
486 1103 601 1167 sororis
622 1123 729 1189 nepos,
754 1108 808 1192 jor
822 1097 1098 1170 estdontroversia.

128 1213 192 1257 non
205 1211 243 1254 ex
257 1211 361 1254 sorore
375 1196 481 1275 nepo's,
503 1202 539 1252 ut
555 1187 638 1251 male
661 1188 730 1274 qui·
802 1192 851 1255 Ac
885 1190 1012 1274 Virgilii
1046 1191 1171 1274 quidem
1204 1211 1270 1255 esse
1305 1190 1365 1253 hoc

76 1320 79 1325 ·
126 1277 411 1360 damscnpserunr.
762 1289 924 1360 utrumque
975 1277 1157 1361 opusculum
1204 1289 1367 1338 suaserunt
1431 1305 1433 1309 ’

182 1408 332 1460 mue
349 1411 402 1459 m
432 1406 522 1472 ³⁸3⁶
563 1402 620 1472 Μ
637 1408 673 1458 ,a
761 1362 864 1426 multis
876 1381 981 1425 versus
992 1363 1113 1444 utrique
1127 1360 1301 1444 complures
1316 1380 1365 1421 as-

281 1443 555 1584 semu
620 1444 626 1456 ’
760 1443 1366 1615 sslisrnis‘tsptiul:

134 1594 399 1688 VIRGILIUS
434 1615 589 1681 Cremona
621 1615 730 1681 studiis
762 1619 858 1683 retius
873 1619 1015 1682 limatis-e
1055 1579 1184 1681 duntur.
1228 1613 1303 1677 Non
1318 1634 1367 1677 es·

127 1703 275 1768 eruditur.
319 1700 371 1765 Ita
392 1699 602 1786 Hieronymus
616 1703 650 1766 in
664 1701 732 1767 Eu·
763 1724 795 1767 se
833 1718 945 1783 cutem,
974 1640 1054 1766 miii
1077 1699 1241 1788 persuadet
1266 1699 1366 1782 stylus

129 1787 375 1854 sebiichrouico.
418 1786 519 1851 Aliter
541 1802 644 1853 umen
656 1790 732 1853 vitoe
762 1791 883 1855 enervis
906 1809 1068 1871 acvugus,
1091 1789 1225 1851 obscura
1245 1797 1367 1847 senten-

128 1869 732 2046 fftltiltl‘ttl‘lllzlstgt
763 1876 827 2045 ἓὲξ
842 1873 1368 2033 ἓῗὲἔὲξὲἓὲοὲἓὲἓξιξὲἓὲῗὲἓὲἓ

460 2006 469 2037 ,
722 2007 731 2025 .

163 2065 213 2107 uae
227 2045 322 2107 verba
332 2044 377 2106 sic
392 2045 534 2108 emendat
545 2043 688 2127 Scaliger
700 2047 732 2109 in
763 2048 905 2111 videatur
950 2047 1063 2110 otuisse
1085 2064 1222 2126 unquam
1237 2041 1277 2103 ad
1297 2062 1367 2124 per·

25 2140 28 2145 '
162 2129 315 2207 asebium3
331 2150 424 2233 napus
440 2128 482 2193 ud
489 2128 664 2194 sedecimum
676 2153 732 2194 un·
765 2133 903 2217 spicuam
911 2069 1224 2195 idamBucolicorum
1235 2126 1368 2189 tenuita-

129 2236 218 2291 nunu
244 2234 305 2298 quo
326 2214 390 2277 lere
415 2236 497 2278 anno
518 2212 733 2279 Mediolanum
764 2229 836 2295 tem,
860 2217 958 2280 multd
981 2215 1081 2280 minus
1104 2215 1145 2278 ad
1174 2211 1368 2298 splendidam

129 2299 290 2366 concessit.
333 2298 446 2363 Studia
459 2312 561 2363 autem
580 2299 663 2364 illius
685 2301 733 2365 fu·
764 2301 915 2366 AEneidos
961 2304 1150 2385 majestatem
1194 2317 1368 2379 assurgere.

128 2384 652 2536 cin
667 2400 734 2536 u
764 2386 993 2550 iestis
1016 2383 1369 2550 ‘dn

130 2554 578 2704 ciplrligarzzrtEplrilosophitte
609 2579 652 2641 qu
694 2579 733 2621 ue
764 2493 1059 2707 legituffiripsigesi
1070 2556 1223 2703 culhem}²
1238 2555 1370 2702 quicugg

130 2658 326 2805 ssttcaliggwt:
346 2656 734 2792 stilimiidiilseetiildidusod:
764 2662 1098 2813 diiiesrdecirtinriatuiis.ex
1112 2652 1370 2809 iidppii'sffdns

130 2809 190 2887 bri,
204 2807 340 2891 ejusdem
360 2823 453 2875 sectae
466 2811 663 2896 philosopho,
679 2814 732 2896 qui
764 2815 797 2878 iu
813 2813 1017 2877 Genetlrliaco
1031 2810 1165 2875 Lucani.
1209 2804 1278 2890 Syl.
1292 2808 1313 2870 l.
1335 2811 1368 2871 2.

130 2893 304 2959 Mediolani
327 2910 415 2960 natus
437 2908 513 2960 erat.
566 2896 612 2961 Et
636 2898 670 2961 in
694 2919 732 2961 eo
764 2921 793 2963 v.
807 2905 860 2963 74.
876 2911 1004 2962 testatur
1026 2896 1190 2960 Lucanum
1211 2893 1370 2976 scripsisse

130 2980 255 3064 quidem
274 2979 375 3063 studio
396 2981 514 3047 socium
536 2981 646 3046 habuit
666 2981 732 3047 Va·
762 2983 968 3060 Pharsaliam,
981 2992 1153 3045 autcunaos
1168 2976 1369 3042 Culicis-Mu·

131 3086 200 3128 rum
214 3064 313 3142 illum,
326 3066 413 3146 cujus
425 3065 527 3148 gratiis
538 3082 654 3131 sextam
667 3067 733 3134 Ec·
763 3067 899 3133 reniam.
941 3068 986 3131 At
1008 3066 1157 3129 Lucanus
1179 3077 1252 3149 post
1272 3064 1370 3126 multa

131 3150 238 3234 lugam
263 3150 375 3213 deiude
408 3152 540 3238 scripsit,
565 3151 733 3238 Epicureas
764 3176 861 3239 opera
883 3152 1024 3217 ultimam
1046 3149 1187 3215 condidit
1209 3147 1370 3213 Pharsali·

131 3235 338 3321 philosophiae
352 3234 468 3318 placita
490 3238 528 3300 de
553 3260 656 3302 rerum
669 3240 733 3303 ori-
765 3262 825 3318 am,
846 3259 977 3321 eamque
998 3235 1115 3320 magui
1133 3255 1174 3298 ex
1195 3247 1283 3319 parte
1303 3235 1372 3297 ine·

131 3321 206 3402 gine
226 3319 441 3383 continentem.
483 3321 534 3385 De
549 3322 671 3408 Syrone
685 3325 733 3389 di·
764 3325 938 3389 mendatam
962 3323 1097 3407 reliquit,
1112 3341 1195 3385 enno
1209 3340 1371 3403 quomor·

131 3424 236 3468 cemus
251 3405 283 3466 in
295 3401 377 3465 illius
389 3401 522 3485 Eclogae
535 3424 731 3492 argumento:
763 3424 834 3474 orus
859 3424 907 3474 est
930 3411 1032 3475 setetis
1054 3409 1207 3491 vigesimo
1228 3405 1369 3490 septimo.

130 3489 172 3553 de
186 3488 274 3551 Varo
283 3488 316 3551 iu
327 3486 434 3550 eidem
446 3485 580 3571 Etlogi,
592 3515 623 3557 v.
637 3502 667 3559 7.
762 3496 858 3559 Addo
885 3517 957 3579 ego,
988 3493 1131 3560 Culicem
1156 3494 1249 3570 hunc,
1278 3511 1372 3573 quem

174 3572 301 3638 Poesim
325 3573 474 3657 imprimis
495 3573 608 3636 dicimr
627 3600 668 3642 au
705 3581 731 3644 i·
762 3581 920 3658 habemus,
934 3580 1069 3646 Octauio
1080 3580 1217 3642 dicatum
1228 3595 1304 3638 esse.
1325 3577 1371 3636 At

95 3655 100 3665 '
130 3673 221 3724 onus
238 3659 340 3721 adhue
363 3679 455 3743 puer:
476 3670 508 3721 et
526 3657 633 3738 Cion,
706 3676 732 3730 s·
763 3665 915 3730 ocuvim
927 3678 1002 3742 tum,
1018 3664 1089 3726 cum
1100 3661 1284 3726 numerabat
1294 3656 1370 3722 Vir·

132 3766 213 3822 auu,
238 3742 383 3821 Culicem,
406 3741 572 3820 Moretum,
606 3743 732 3830 Coponi,
764 3751 858 3835 gilius
870 3769 985 3813 annum
996 3748 1149 3812 decimum
1159 3746 1310 3830 quintum,
1320 3744 1370 3827 ip·

133 3826 243 3907 Diras,
272 3828 461 3906 catalecton,
485 3826 732 3914 Ερῑςταηιωαξα,
765 3856 797 3899 se
817 3836 937 3900 untdm
959 3848 1103 3898 octavum
1125 3832 1285 3914 attigeratr
1306 3827 1371 3911 quc

133 3912 286 3998 Priapeia
294 3913 403 3996 junior
414 3913 581 3996 scripsisse.
615 3917 659 3979 At
668 3915 734 3982 Jos.
766 3934 868 3999 setate,
883 3941 940 3984 nec
955 3920 1014 4020 ipsi
1028 3921 1176 4004 podmata
1189 3915 1299 3992 dicari,
1311 3934 1370 3978 uec

89 4073 93 4078 ,
135 3999 287 4081 Scaliger,
298 4012 328 4061 et
339 4012 488 4083 posteum
498 3998 582 4064 docti
593 4000 658 4065 iere
670 4023 736 4066 oru-
766 4026 804 4068 oe
817 4006 880 4070 dici
906 4006 945 4070 de
966 4025 1035 4090 ipso
1056 4014 1239 4088 potuerunt3
1260 3999 1306 4064 dt
1323 4010 1369 4078 tu,

100 4124 105 4131 ·
134 4106 188 4149 nes
208 4083 338 4148 AEtuom
352 4082 501 4148 Cornelio
516 4083 634 4151 Severo
648 4089 737 4172 adju·
767 4085 1302 4174 &moriturfiduciotcntisr
1316 4099 1372 4149 sut

133 4172 254 4237 dicent:
288 4168 455 4248 Moretur»,
492 4170 566 4233 Auli
673 4174 737 4238 ‘mii
767 4190 802 4240 ut
825 4178 939 4241 habent
964 4176 1086 4240 codices
1101 4173 1165 4251 ulii,
1186 4172 1232 4236 At
1253 4181 1297 4249 tu,
1318 4171 1371 4237 cui

134 4256 412 4325 Severiuseidem
427 4256 613 4342 suspicatur:
677 4259 737 4338 rc,
768 4261 880 4326 meritis
895 4262 993 4326 crim
1047 4258 1243 4335 miscuero,
1260 4255 1371 4321 Octavi

134 4340 651 4429 quinisValerioCatonescriptae
666 4345 736 4423 siut,
768 4348 943 4412 venerande.
1004 4346 1088 4429 gitur
1108 4345 1257 4429 scriptum
1278 4342 1371 4405 fuisse

128 4444 175 4491 tte
187 4429 321 4493 dubitari
334 4429 457 4512 quidem
469 4429 599 4511 patitur:
619 4428 738 4516 copam
769 4430 911 4497 Culicem
930 4431 1092 4518 probabile
1114 4444 1169 4508 est,
1189 4430 1261 4493 clim
1274 4426 1370 4488 Octa·

135 4504 274 4595 Virgilio
289 4515 396 4579 tribuit
414 4514 605 4593 Priscianus,
622 4517 675 4580 sed
689 4537 737 4580 rc·
767 4519 838 4581 vius
861 4520 966 4602 aliquo
986 4517 1020 4580 in
1042 4516 1165 4580 nomine
1181 4514 1276 4599 coepit
1289 4531 1370 4590 esse;

135 4596 290 4663 ciamsute
305 4600 482 4686 scaligero:
504 4598 667 4689 Priapeia,
681 4603 738 4667 ob·
770 4604 854 4671 circa
879 4604 913 4669 id
933 4602 1090 4688 temporis,
1113 4620 1177 4686 quo
1197 4601 1328 4666 donatus
1350 4597 1372 4660 i
