2880 5024
317 632 694 712 ARGUMENTUM
719 633 776 709 IN
800 621 1080 714 GEORGICA.

94 922 450 1011 GEORGICORUM
469 954 585 1010 namen,
607 931 751 1010 ὰγιυργδς,
776 934 933 1016 agricola:
956 935 1012 998 lsoc
1034 946 1133 999 autem
1157 937 1271 1017 dueta,
1286 940 1334 1003 uel

95 1021 141 1089 utu
155 1038 246 1097 terre,
259 1020 386 1093 etima
410 1040 455 1080 us.
504 1016 683 1083 Traduntur
710 1017 765 1082 lroc
791 1038 880 1104 opere
891 1029 1047 1104 precepta
1073 1021 1110 1084 de
1197 1023 1335 1102 altura,

96 1122 226 1194 quatuor
235 1105 331 1169 libris.
375 1040 633 1167 lcharationc.
676 1101 723 1167 ΙΙ.
745 1103 797 1167 De
801 1102 1003 1187 plantatione.
1047 1104 1112 1169 ΙΙΙ.
1132 1045 1334 1193 martiane

96 1192 234 1277 cultuque
240 1212 393 1275 pecorum.
437 1184 503 1252 IV.
526 1186 577 1251 De
592 1187 701 1275 apibus
714 1198 743 1251 et
755 1189 935 1254 mellatione.
979 1188 1091 1275 anue
1102 1193 1204 1255 onmia
1215 1206 1334 1258 nmuroe

96 1276 357 1341 accommodantur
382 1273 486 1339 Italici
511 1272 579 1352 soli,
593 1272 821 1360 presertimquc
839 1274 960 1353 Veneti,
981 1275 1015 1338 in
1029 1298 1088 1360 quo
1114 1276 1251 1341 Mantua
1254 1278 1333 1363 suit.

97 1362 214 1427 Ducem
227 1361 262 1425 in
274 1384 307 1425 co
319 1383 430 1447 genere
444 1368 560 1423 secutus
575 1370 617 1422 est
636 1357 792 1507 Virsstttm
805 1358 974 1424 Hesiodum
987 1360 1141 1424 Ascraeum
1151 1385 1187 1425 ec
1198 1361 1334 1442 Buatid,

98 1446 135 1511 dc
165 1444 426 1509 uodicincucEcl.
442 1449 473 1507 6.
487 1450 539 1508 70.
569 1442 692 1530 Cujusl
724 1466 801 1524 rum,
821 1445 915 1508 inseri
937 1457 998 1508 tum
1013 1447 1224 1523 ἴῃιιαὶιὶμίρω,
1237 1470 1336 1532 opera

97 1548 130 1595 et
143 1468 218 1610 dies,
241 1533 332 1618 longi
347 1542 376 1594 et
388 1553 422 1594 co
450 1531 477 1592 'd
492 1540 520 1593 et
532 1529 684 1615 elegantisi
697 1531 860 1616 superauit.
931 1542 1038 1617 septum
1047 1542 1090 1594 est
1099 1554 1174 1615 opus
1184 1556 1264 1597 anno
1274 1534 1336 1598 cir·

98 1618 173 1683 citer
191 1617 230 1681 U.
249 1616 287 1680 C.
301 1623 373 1680 717.
417 1553 557 1701 llirgitii
571 1620 614 1679 :32
625 1626 679 1701 unt
690 1620 742 1679 33.
756 1626 785 1679 et
795 1615 946 1700 septennio
956 1617 1152 1702 perpolitum.

141 1702 309 1779 Moecenus,
324 1702 373 1764 cui
392 1700 475 1762 Geor
497 1700 546 1764 ica
559 1700 706 1785 inscripta
719 1712 798 1779 scint,
808 1702 925 1786 primos
938 1701 972 1763 in
991 1699 1154 1765 Octaviani
1165 1703 1268 1786 gratid
1293 1714 1335 1766 te·

100 1786 397 1884 nuitcumdgrippci
406 1723 535 1871 gradus.
584 1786 700 1851 Generc
714 1785 839 1864 Tuscus,
853 1809 889 1850 cc
899 1787 1033 1873 antiquis
1045 1770 1184 1851 Etruriie
1195 1810 1228 1850 re
1251 1787 1337 1851 ibus.-

100 1896 226 1960 querum
239 1880 363 1959 posteri,
372 1880 445 1955 post
458 1870 568 1935 multas
576 1870 678 1957 gentis
690 1870 800 1948 clades,
814 1870 985 1935 Romanam
996 1871 1030 1935 in
1042 1872 1189 1936 ciuitatem
1202 1810 1336 1950 admissi,

100 1959 233 2045 equestri
242 1957 395 2044 dignitate
409 1957 557 2019 cicerum.
587 1955 738 2020 Eruditos
750 1956 918 2042 compleras
933 1968 985 2035 est,
1000 1958 1147 2054 imprimis
1167 1957 1339 2043 Virgilium

100 2055 130 2109 et
138 2043 306 2127 Horatium
314 2067 328 2121 ,·
350 2042 426 2106 adeo*
434 2041 547 2127 purim
562 2042 698 2126 cupidus,
715 2042 810 2127 utqui
824 2043 938 2106 catenis
962 2041 1189 2128 magistratibus
1207 2043 1339 2129 inopera-

99 2128 162 2208 δαΐ,
174 2129 239 2216 iliae
254 2127 384 2228 equestri
398 2127 514 2203 ordine,
530 2135 559 2188 et
572 2126 655 2189 urbis
670 2137 703 2188 nt
724 2149 759 2188 ue
771 2125 873 2189 Italia
885 2125 1066 2213 profecturi
1087 2137 1241 2192 contentus
1254 2128 1339 2191 oise-

100 2215 152 2279 rit.
195 2214 360 2279 Adhibitus
375 2211 413 2275 ab
430 2211 600 2275 Octauiano
612 2233 677 2274 cum
688 2149 772 2296 dgri
788 2213 835 2296 pu
845 2211 880 2274 in
892 2212 1049 2275 consilium
1059 2211 1095 2299 dc
1106 2213 1232 2311 imperio
1245 2213 1339 2299 depo·

101 2300 211 2378 nendo,
233 2296 419 2362 retinendum
427 2296 592 2394 persuasit.
638 2294 729 2360 Secti
779 2295 925 2382 picnrens
938 2296 1016 2381 fuit,
1031 2297 1065 2361 in
1079 2308 1196 2378 certitu,
1211 2299 1340 2379 incessu,

101 2382 289 2469 supellectili,
312 2380 465 2459 conuiuiis,
490 2381 616 2467 meaque
631 2382 770 2460 dictione,
794 2381 916 2445 mollior
941 2404 976 2445 ae
1002 2383 1163 2446 remissior.
1209 2383 1342 2469 Scripsit

102 2466 314 2533 Prometheum
328 2477 357 2530 et
375 2464 534 2529 Octauium
546 2476 594 2529 tra
619 2466 723 2545 oediec,
737 2467 903 2530 carminum
916 2464 1010 2531 libros
1025 2468 1139 2532 decem.-
1153 2468 1254 2532 solatri
1269 2492 1341 2532 orn·

40 2566 43 2573 ’
102 2552 183 2618 tiene
195 2551 420 2617 commentarios
432 2550 469 2614 de
480 2550 568 2616 sebur
619 2550 1016 2638 'Augustogertiuitemde
1029 2552 1249 2629 animulilnrct
1280 2576 1343 2616 em·
1395 2608 1403 2623 ,

102 2640 158 2702 mis
172 2637 334 2724 dialogor:
355 2636 456 2700 omnin
473 2636 604 2736 periere.
648 2636 787 2701 Decessit
807 2660 887 2701 auno
907 2636 946 2702 U.
967 2636 1005 2701 C.
1028 2642 1104 2701 ⁷46.
1150 2636 1188 2701 C.
1258 2640 1342 2702 artio

109 2723 275 2788 Censorino
291 2731 320 2786 et
336 2721 374 2785 C.
389 2720 500 2785 nuuc
516 2720 612 2786 Gallo
632 2720 718 2785 Coss.
771 2721 901 2807 Triplex
915 2734 957 2786 est
972 2722 1057 2808 apud
1068 2722 1208 2800 ineditos,
1224 2721 1261 2785 de
1276 2723 1344 2808 ejus

101 2809 232 2888 nomine,
247 2808 458 2873 controversie.
501 2805 530 2869 1.
557 2806 720 2891 Quodnam
734 2807 830 2891 ipsium
842 2799 948 2870 nonien
953 2808 1053 2891 fuerit
1065 2808 1087 2871 ⁶3.
1120 2806 1287 2870 Lambinus
1306 2808 1344 2872 in

103 2894 287 2980 Vipsanium
305 2904 425 2979 gentem
438 2891 566 2969 inducit,
584 2892 638 2955 sed
651 2913 716 2954 eum
731 2892 888 2975 confundit
905 2915 970 2954 cnm
992 2893 1096 2976 tigni>
1120 2893 1150 2968 d,
1164 2892 1248 2977 cujus
1263 2896 1344 2957 certi

42 3006 45 3011 ·
128 2980 217 3044 cntile
232 3002 337 3044 nomen
358 2976 504 3061 ltocsuit:
525 2975 647 3039 Paulus
661 2975 874 3039 Manutiusin
890 2976 1053 3039 Cinciam:
1111 2976 1291 3062 landorpius
1305 2979 1343 3049 in

101 3003 248 3132 itonam:
270 3063 414 3128 Muretus
425 3056 459 3126 in
473 3062 648 3145 Aquiliam:
670 3082 769 3124 omnes
782 3071 836 3123 unt
849 3061 962 3126 lenibus
977 3060 1129 3146 autsalsis
1142 3063 1319 3148 conjecturis
1331 3088 1344 3126 .·

103 3150 249 3215 Macina
262 3161 290 3213 et
304 3148 418 3233 optima
424 3168 514 3231 pars,
540 3144 710 3225 Turnebus,
733 3144 873 3293 Liffsinn
896 3148 950 3227 isc.
965 3146 999 3210 in
1015 3146 1162 3226 Cilnium,
1186 3170 1253 3233 qnoe
1264 3170 1343 3234 gens

105 3229 601 3299 eratdretinanrlisinEtrurid.
645 3228 692 3294 ΙΙ.
719 3226 768 3295 Un
788 3253 807 3293 -e
819 3253 982 3317 cognomen
994 3230 1197 3296 Maecenatis?
1223 3232 1345 3305 Insulsc'

106 3320 226 3383 deducit
245 3314 438 3381 Becmannns
463 3316 503 3381 ab
518 3317 581 3404 ejus
595 3316 738 3394 moribus,
761 3316 843 3401 quo‘d
857 3327 928 3378 esset
940 3319 1059 3392 utum,
1076 3340 1138 3381 non
1153 3320 1344 3397 communis;

26 3435 31 3445 ’
107 3414 161 3468 aut
175 3409 210 3480 ui
225 3404 308 3480 music,
324 3424 389 3465 non
414 3422 536 3465 novus:
558 3412 669 3465 namet
687 3401 790 3465 Greci
815 3423 970 3487 nunquam
987 3425 1024 3465 ue
1048 3401 1344 3480 uticis'nominilus,

105 3494 150 3566 ui,
172 3488 225 3550 scd
238 3487 426 3572 privativum
448 3509 468 3552 a
480 3510 550 3571 prce
596 3499 661 3565 unt,
674 3496 703 3549 et
721 3484 758 3550 V
755 3509 837 3563 arro,
851 3485 872 3548 l.
896 3494 926 3548 7.
950 3486 986 3549 de
1039 3487 1101 3550 .L.
1117 3510 1136 3549 a
1151 3486 1215 3549 loco
1231 3487 1345 3549 dictum

106 3583 242 3637 testatur.
286 3571 346 3635 Est
360 3572 492 3670 igiturd
549 3571 735 3635 eiterraneo
760 3571 891 3655 quodam
906 3570 1045 3634 Etruria
1060 3571 1213 3720 witelo,
1243 3572 1345 3635 Caesev

105 3658 351 3743 narniamque
369 3682 403 3721 sn
429 3659 484 3721 ord
504 3655 630 3721 Plinius
644 3657 716 3720 uina
735 3655 907 3719 Creseuetia
918 3656 1009 3723 simul
1023 3669 1051 3720 et
1104 3655 1246 3719 arcuatia
1265 3677 1346 3718 com·

106 3743 236 3821 mendat,
249 3743 301 3807 lib.
312 3749 365 3806 24.
378 3748 409 3804 6.
453 3740 518 3805 ΙΙΙ.
546 3739 705 3827 Quomodo
726 3742 829 3826 prima
855 3752 882 3803 et
905 3742 1005 3805 media
1028 3740 1213 3826 cognomi-nis
1225 3740 1345 3826 syllaba

103 3829 262 3915 pingenda
272 3829 336 3892 sict
363 3827 452 3891 Certi
464 3826 572 3905 media,
589 3848 650 3912 per
663 3848 681 3889 e
695 3826 838 3911 lengunu
859 3826 934 3924 quia
952 3827 1058 3890 Graece‘
1069 3825 1161 3912 calgi
1167 3848 1226 3911 per
1238 3855 1251 3887 u
1265 3826 1347 3913 legi-

107 3925 166 3976 tur.
209 3911 320 3976 Prima
334 3913 380 3976 uel
397 3934 457 3998 per
468 3935 496 3975 ae
508 3911 555 3977 rel
569 3933 617 3974 oe:
639 3911 713 3997 qnia
727 3910 760 3973 in
776 3910 922 3975 ueteribus
936 3911 1002 3974 cod.
1014 3920 1142 3997 utroque
1157 3912 1244 3975 modo
1260 3935 1291 3975 re
1315 3935 1347 3975 e·

105 3997 379 4149 νάιιιῧὲρὶἷὲέέε
410 3995 529 4147 Agnis.
571 3995 677 4084 Igitur
699 4018 805 4061 nomeu
827 3997 980 4085 integrum
992 3995 1071 4082 fnit,
1094 3996 1229 4063 CAIUS
1252 3936 1347 4063 cil„
