2880 5024
496 424 705 493 AENEIDOS
719 424 806 491 ΗΒ.
821 424 882 489 ill.
1257 436 1321 497 249

92 578 221 662 Lyctius
236 575 438 640 Idomeneus:
453 572 503 637 hic
518 574 573 637 illa
584 574 671 637 ducis
683 572 823 637 Meliboei
971 592 1018 639 mic
1035 598 1067 640 ar
1086 593 1127 639 rua
1143 592 1227 641 mua
1251 594 1320 643 durs

92 664 196 727 Parva
209 660 394 725 Philoctetes
408 660 538 723 subnixa
552 658 666 723 Petilia
677 680 774 722 muro.
971 654 1076 702 Melissi
1084 654 1228 713 Fumone,
1237 656 1319 705 serm·

92 748 186 895 guin,
196 749 248 810 ubi
258 746 444 808 transmissae
456 744 592 809 steterint
603 760 687 807 trans
700 764 828 825 oeqnora
839 742 963 821 classes,
971 716 1320 829 {Zmffissffiffiffimss

124 848 135 895 t
147 834 255 916 positis
266 832 404 912 arisjam
419 843 494 893 vota
504 830 537 893 in
550 830 641 893 litore
656 828 778 907 solves3
972 842 1130 916 consessorem,
1140 850 1165 889 ee
1170 842 1224 903 je·
1234 844 1320 891 esen.

93 917 255 1001 Purpureo
265 916 367 978 velare
377 936 482 980 comas
494 916 659 1001 adopertus
672 915 805 975 amictu:
900 912 1028 975 ibim
1059 904 1172 951 ’ΜΝ
1203 918 1229 951 ¹¹¹
1251 906 1320 953 “¹⁰¹⁸

93 1002 142 1065 Ne
158 1024 220 1085 qua
235 1003 313 1063 inter
327 1014 451 1063 sanctos
464 1002 553 1083 ignes
567 1002 600 1063 in
613 1001 730 1061 honore
744 996 882 1061 Deorum
972 966 1322 1087 {l‘ssllill'moeofs'elllllfflffi

93 1086 224 1150 Hostilis
236 1086 329 1149 facies
340 1102 492 1163 occurrat,
507 1101 538 1148 et
552 1088 656 1148 omina
668 1084 778 1147 turbet.
972 1104 1061 1148 pum:
1083 1104 1114 1137 ne
1134 1090 1220 1151 usqua
1244 1090 1323 1139 cusu

93 1171 188 1235 Hunc
204 1172 279 1234 socii
295 1191 410 1233 morem
425 1192 591 1247 sacrorum,
608 1170 688 1233 hunc
703 1172 767 1255 ipse
779 1182 901 1232 teneto:
972 1152 1324 1271 fflgflffiuffiffi

93 1256 164 1320 Hic
178 1257 253 1318 casti
269 1270 413 1318 maneant
427 1257 458 1318 in
473 1254 634 1337 relligione
644 1269 778 1339 nepotes.
973 1284 997 1321 er
1008 1278 1256 1337 nuru-peramica.
1280 1276 1324 1323 So-

94 1344 163 1419 Ast,
174 1342 226 1404 ubi
242 1342 411 1423 digressum
424 1340 539 1403 Sicula
554 1356 584 1403 te
598 1340 768 1403 admoverit
782 1360 847 1401 ores
901 1338 1004 1400 «1100ίὶ
1022 1344 1108 1385 meru
1119 1340 1182 1385 Μ
1198 1346 1324 1385 cometu-

92 1424 224 1503 Ventus,
240 1440 270 1488 et
281 1426 403 1509 angusti
419 1441 571 1489 rarescent
586 1426 720 1487 claustra
732 1424 860 1503 Pelori;
974 1401 1277 1521 ᾖξ”ξζζζῗζῖῗξωῖοᾞ
1287 1401 1324 1521 lin

93 1511 197 1575 Lava
206 1511 260 1573 tibi
271 1510 360 1574 tellus
371 1524 401 1573 et
412 1511 507 1591 longo
520 1510 600 1571 laeva
615 1524 757 1592 petantur
974 1525 1102 1582 persistant
1118 1527 1140 1570 sn
1157 1524 1201 1571 nse
1220 1539 1324 1571 memo>

93 1594 236 1679 AEquora
248 1596 396 1658 circuitu:
411 1596 549 1657 dextrum
563 1596 636 1675 iuge
648 1596 720 1657 litus
735 1610 765 1655 ct
774 1594 882 1655 undas
975 1586 1188 1692 ”li-sffllw‘h
1203 1596 1284 1661 '5¹¹¹'
1299 1594 1325 1661 ¹?

874 1677 886 1695 Λ
975 1650 1235 1706 proectumapprrlerrt
1251 1651 1282 1695 sd
1297 1650 1325 1695 lr-

92 1680 174 1745 Haec
190 1681 269 1757 loca,
284 1682 315 1742 vi
328 1682 482 1763 quondam
498 1694 528 1742 et
539 1680 627 1741 vasti
639 1680 787 1741 convulsa
803 1678 891 1739 ruina
976 1720 1013 1757 ω,
1031 1710 1174 1764 Sicularum
1190 1711 1325 1757 missenus

94 1766 245 1913 ssl'antirm
259 1766 317 1827 aevi
331 1766 501 1847 longinqua
513 1765 596 1825 valet
609 1777 727 1825 mutare
740 1760 887 1846 vetustas)
903 1765 966 1823 415
977 1772 1092 1833 angustie
1102 1772 1161 1817 neu
1173 1772 1262 1829 Parare
1278 1774 1325 1819 rin-

126 1850 270 1913 issiluisse
285 1851 404 1912 serunt:
419 1852 490 1911 curn
505 1849 646 1931 protinus
658 1862 760 1927 utrnq3
775 1848 864 1907 tellus
976 1834 1326 1957 ‘ffiz‘fflt'ffi'o‘ggss

94 1934 165 1999 Una
179 1934 279 1997 soret:
295 1936 379 1996 venit
391 1935 494 1996 medio
506 1935 536 1993 vi
550 1947 673 2015 pontus,
689 1946 720 1993 et
734 1932 823 1993 undis
976 1958 1094 2015 esitium
1105 1958 1168 2003 evus
1177 1958 1288 2004 desem
1298 1958 1327 2004 b-

94 2018 278 2104 Hesperinm
294 2018 402 2081 Siculo
417 2018 498 2080 latus
513 2017 656 2093 abscidit,
668 2038 802 2099 arvaque
814 2030 845 2078 et
856 2017 947 2079 nrbes
976 2028 1046 2067 mser
1057 2020 1241 2095 restmraquss.
1264 2022 1327 2068 Nar»

905 2105 968 2164 419
977 2093 1030 2129 rant
1042 2084 1093 2129 haec
1104 2083 1158 2128 locu
1168 2082 1225 2129 olrm
1237 2080 1328 2143 magud

94 2104 201 2168 Litore
213 2106 357 2167 diductas
373 2119 507 2185 angusto
520 2100 656 2164 interluit
670 2116 757 2165 aestu.
978 2147 1000 2190 vr
1001 2146 1024 2190 01
1024 2160 1038 2191 e
1039 2144 1087 2190 nna
1098 2154 1121 2191 er
1132 2144 1199 2191 mins
1207 2146 1326 2191 ducenis

93 2190 243 2253 Dextrum
258 2188 368 2270 Scylla
383 2188 474 2266 latus,
487 2188 599 2250 laevum
611 2186 776 2271 implacata
792 2185 971 2269 Charybdis
979 2221 1011 2252 se.
1042 2206 1108 2252 suco
1119 2216 1210 2252 remon
1220 2214 1327 2253 vetustus

979 2269 1091 2326 temporis
1098 2276 1174 2325 potest
1183 2276 1274 2314 mutare
1282 2282 1326 2315 res.

95 2334 156 2382 Cum
166 2342 266 2393 utraque
277 2340 342 2379 terra
353 2340 417 2379 esset
428 2348 476 2379 uun
482 2330 609 2379 continuo:
626 2346 692 2378 mm
702 2346 754 2379 cunr
766 2333 854 2391 impetu
863 2333 927 2378 venit
938 2330 964 2377 in
971 2330 1084 2384 medinm,
1094 2337 1119 2375 et
1129 2332 1196 2389 equis
1207 2330 1327 2389 separavit

95 2396 203 2444 ltslicum
214 2396 301 2442 larnai
317 2394 409 2441 Siculo:
432 2404 456 2441 et
466 2394 554 2441 labitur
565 2402 665 2455 angusta
676 2396 737 2440 freto
748 2395 809 2441 inter
819 2408 877 2439 srva
892 2403 917 2440 et
932 2396 1012 2451 urbes,
1029 2392 1153 2439 distinctus
1170 2405 1211 2441 rste
1225 2404 1326 2455 qunque

93 2458 170 2506 litore.
190 2458 272 2518 Scylla
282 2467 381 2519 occupat
392 2458 517 2505 dexterum
526 2458 603 2505 latus:
615 2456 725 2505 immanis
736 2456 870 2521 Charybdis
880 2456 978 2503 inrum:

668 2646 772 2697 NOTAE.

92 2772 147 2819 306.
169 2769 207 2815 De
215 2766 335 2816 Idomeneo
347 2769 422 2817 crete
432 2785 498 2829 rege,
508 2785 530 2816 r.
539 2770 590 2816 122.
604 2770 696 2831 Lyctius
725 2771 802 2818 eluiem
818 2772 954 2833 contiguum
969 2771 1097 2831 aliquando
1113 2770 1192 2827 inerit,
1210 2770 1324 2831 quemad·

93 2834 179 2879 dicitur
190 2830 283 2891 dbycto
300 2834 387 2891 oppido
403 2832 489 2889 Cretre,
504 2834 535 2879 de
552 2832 598 2891 qud
610 2832 694 2889 insulsi,
726 2836 821 2880 modum
832 2834 870 2881 hlc
881 2844 963 2880 namt
972 2842 1055 2893 poete:
1072 2840 1096 2880 et
1105 2835 1182 2880 adhuc
1193 2834 1276 2893 procul
1287 2848 1324 2879 er-

93 2908 114 2941 r.
128 2894 178 2941 tm.
724 2898 863 2954 picientibus
889 2896 1043 2959 conjunctum
1066 2903 1190 2955 appareat,
1212 2910 1257 2943 nec
1278 2896 1327 2941 ullo

122 2958 177 3004 401.
191 2954 294 3003 Metisci
305 2954 393 3012 Percu,
409 2954 462 3017 dfe]
482 2956 632 3013 Philoctetes,
645 2956 694 3005 Pte·
726 2959 788 3003 freto
803 2959 925 3016 pervium:
945 2966 1024 3005 temen
1043 2958 1138 3018 prophis
1157 2957 1325 3005 accedentibus

93 3021 155 3065 entis
164 3019 226 3065 lilius
235 3018 410 3073 birlibaarex,
418 3020 480 3065 urbis
492 3020 516 3065 iu
524 3019 654 3073 Thessalici,
662 3022 694 3067 acl
725 3022 839 3079 paulatim
848 3029 971 3067 rarescunt
981 3030 1005 3065 et
1016 3022 1154 3079 aperiuntur
1163 3022 1268 3067 claustra
1279 3020 1327 3075 trra,

94 3082 185 3128 radices
195 3082 283 3127 montis
300 3081 379 3125 Osse:
399 3080 452 3126 cdrn
469 3082 493 3127 in
509 3079 578 3133 Ocni,
595 3081 694 3128 Thessa·
726 3084 907 3142 minuunturque
918 3084 969 3129 risu
981 3084 1104 3141 angustiae,
1120 3094 1144 3127 ct
1160 3082 1236 3129 laxior
1249 3083 1328 3128 editus

94 3144 139 3191 lico
150 3153 232 3190 monte
242 3142 376 3188 ‘l'rachinire
387 3144 498 3204 regionis,
508 3158 602 3203 pyram,
613 3145 637 3190 in
648 3144 694 3203 quir
725 3153 825 3203 apparet
836 3144 913 3203 panib.
945 3146 982 3191 De
995 3144 1085 3197 sicilici,
1101 3142 1264 3197 inirl‚v.687.

94 3220 118 3253 se
130 3206 247 3252 Hercules
263 3206 449 3251 comburendum
466 3206 633 3262 collocaverat,
642 3207 694 3267 ejus
755 3209 808 3253 stu.
818 3206 946 3268 Protinus]
960 3207 1016 3253 Sine
1028 3206 1198 3263 interruptione
1209 3215 1280 3263 atqcue
1289 3204 1324 3249 in·

90 3264 158 3329 jussu
169 3268 344 3322 succenrlisset;
356 3269 386 3313 nh
397 3270 481 3313 eodem
492 3282 574 3314 arcum
585 3278 609 3314 et
623 3270 694 3327 sugit·
725 3271 833 3325 tervnllo,
847 3270 958 3315 continua
973 3277 996 3315 et
1006 3266 1119 3325 perpetui
1131 3266 1199 3312 serie,
1222 3266 1261 3311 Sic
1272 3266 1328 3313 AEu.

94 3338 138 3385 ter,
150 3330 255 3377 [eruere
266 3330 347 3389 hydra·
368 3330 421 3375 selle
432 3332 543 3385 imbutas,
562 3332 654 3389 accepit
671 3333 694 3377 in
724 3334 808 3379 uuus.
833 3331 932 3378 Peliusr'
941 3329 1048 3391 protinus
1064 3328 1329 3389 illum-tilpudsssluocis'

93 3406 186 3439 munus.
213 3391 312 3453 Trojam
330 3392 415 3438 deinde
426 3394 555 3451 profectus,
566 3402 588 3438 et
605 3394 694 3439 colubri
726 3392 932 3449 ludum,r'nluccrn
948 3391 1123 3439 uetrrlissct:id
1133 3399 1177 3443 est,
1186 3390 1205 3435 si
1214 3388 1328 3437 continuo

93 3468 174 3501 morsu
186 3454 212 3501 in
226 3468 295 3500 crure
312 3454 439 3507 saucietur,
450 3453 464 3500 d
475 3456 565 3499 Grecis
576 3456 601 3501 in
618 3454 694 3499 insula
726 3455 826 3501 lusisset.
845 3455 908 3500 Hinc
942 3456 956 3499 ἶ.
971 3455 1004 3499 10.
1015 3453 1068 3497 340,
1086 3450 1198 3498 Pectiniss
1211 3450 1328 3513 harlesse-

92 3515 186 3565 Lemuo
194 3517 285 3563 t'oetoris
294 3515 448 3573 impatientia,
459 3517 554 3561 relictus
563 3525 606 3563 est.
636 3517 694 3563 Por·
722 3516 767 3577 git,
783 3526 806 3562 et
824 3516 879 3561 alibi
899 3516 969 3575 vulgo
986 3516 1086 3561 sumitur
1107 3528 1151 3572 pro
1168 3513 1328 3572 stetimsquie

94 3578 132 3627 et
142 3588 232 3633 tamen,
240 3588 351 3623 monente
366 3578 462 3623 oraculo
473 3577 572 3637 Trojsm
586 3592 634 3623 non
649 3578 694 3623 nisi
725 3580 789 3637 quod
799 3579 880 3624 statim
889 3579 923 3633 ht,
931 3578 982 3623 sine
993 3577 1165 3623 intermissione
1172 3577 1205 3623 st.
1221 3576 1260 3624 De
1268 3576 1326 3625 Hes

94 3642 187 3701 sagittis
211 3640 335 3686 Herculeis
352 3640 405 3697 capi
423 3654 501 3698 posse,
516 3642 547 3685 ab
568 3639 652 3699 Ulysse
671 3648 695 3686 et
723 3638 802 3703 perid,
813 3638 889 3695 leuia,
901 3640 938 3685 Ε.
949 3640 969 3685 l.
979 3640 1033 3685 530.

94 3703 251 3763 Neoptolemo
274 3704 299 3748 in
324 3712 403 3748 castra
429 3703 566 3757 accersitus,
584 3700 697 3749 Paridem
757 3702 811 3749 400.
822 3701 937 3749 Dextrum
950 3701 1036 3761 Scylla,
1049 3700 1102 3761 le]
1130 3699 1209 3761 Scylla
1223 3700 1327 3749 adlatus

93 3766 192 3811 eccidit:
213 3774 238 3811 et
257 3766 315 3810 urbe
333 3764 411 3823 captis,
428 3761 555 3823 auditique
573 3764 695 3811 Melibceo·
725 3764 808 3821 ltelim,
829 3764 928 3825 Cenym
946 3766 1146 3823 promontorium:
1166 3764 1276 3824 scopulus
1290 3774 1328 3812 est

94 3840 146 3873 rum
168 3828 310 3882 desectione,
329 3836 355 3871 ut
376 3834 458 3873 narret
480 3826 574 3881 Strabo,
590 3827 654 3873 reuit
670 3827 695 3874 in
726 3830 869 3875 tumultuoso
878 3828 991 3874 ductuum
1003 3826 1095 3884 allapsu
1106 3840 1200 3885 semper
1214 3828 1328 3885 tremens,

94 3888 203 3936 ltaliam:
225 3890 303 3948 ibique
324 3888 439 3943 Petiliam,
458 3898 499 3934 sut
517 3889 632 3946 condidit,
654 3899 696 3936 snt
725 3888 1094 3951 nuresugumntsaamo.
1113 3887 1327 3949 Charybdimdls·

89 3950 161 4011 leste
172 3952 231 3997 alios
239 3953 355 3997 manibus
365 3951 482 4008 firmarit5
494 3952 564 3998 situm
572 3952 623 4014 ejus
632 3953 693 4011 ride,
725 3962 763 3999 tus
775 3953 868 4008 sicilia,
879 3966 953 4012 prope
964 3952 1103 3999 Messanam
1110 3952 1193 3997 urbem
1200 3966 1206 3995 z
1214 3966 1280 3998 mere
1291 3962 1329 3999 est

95 4014 176 4061 nm
725 4017 876 4072 vorticosum,
886 4030 959 4075 eques
970 4016 1077 4069 sorbens,
1087 4022 1176 4061 etcum
1187 4013 1276 4072 impetu
1286 4016 1317 4061 de

122 4076 178 4123 ⁴05.
186 4074 318 4137 Purpureo,
325 4074 376 4136 lc]
387 4074 458 4121 Hunc
469 4090 559 4123 morem
570 4072 694 4124 seriarere
726 4078 781 4123 inde
792 4089 897 4133 ructans,
909 4093 972 4125 nunc
986 4075 1097 4139 Gulosum
1105 4092 1112 4118 ··
1121 4074 1136 4123 l
1142 4076 1235 4137 grissa,
1246 4076 1293 4131 hio,
1303 4084 1327 4123 et

94 4134 206 4193 Romani,
224 4146 250 4183 nt
268 4139 291 4183 in
310 4138 383 4184 sacris
399 4147 470 4196 capnt
486 4141 647 4185 obnuberent:
663 4155 693 4186 ne
724 4136 892 4201 ῥιιθόμονὸω.
902 4140 1329 4201 Chrybds'rusiuntmeretrioemsuisse

94 4202 201 4247 turbatos
215 4201 346 4246 alienarum
362 4214 441 4247 rerum
455 4210 552 4259 aspectu
572 4203 692 4257 sacerdos,
724 4202 917 4247 sorecissiruam:
929 4202 1049 4261 numerius
1061 4203 1159 4250 Herculi
1170 4202 1328 4257 bocescripu-

95 4271 135 4309 sut
154 4262 335 4321 interrumperet
364 4277 441 4317 sacra,
458 4271 498 4307 sut
516 4277 546 4307 ex
563 4262 591 4308 iis
605 4263 695 4321 aliquid
726 4265 791 4319 isset,
801 4262 883 4308 trove
895 4264 992 4311 solmiac
1001 4266 1056 4322 icta,
1063 4274 1088 4313 et
1094 4266 1120 4313 in
1129 4266 1215 4311 fretum
1223 4274 1329 4321 praeceps

95 4325 228 4373 assueret:
247 4336 372 4385 utrumque
390 4326 454 4371 enim
473 4325 546 4371 fatale
556 4338 626 4383 arque
637 4326 695 4369 omi·
727 4334 791 4379 acts,
802 4324 826 4369 in
834 4326 971 4385 voraginem
988 4328 1019 4373 ibi
1035 4343 1151 4377 convena
1158 4334 1195 4373 est
1226 4322 1329 4381 Scyllam

94 4398 177 4433 mum
189 4397 248 4433 erat.
279 4387 352 4447 quue
368 4386 434 4433 aiunt
449 4386 552 4432 Romani
567 4387 696 4444 scriptores
728 4386 814 4434 Phorci
823 4386 930 4441 filifflr'!
944 4388 1014 4435 Circe
1025 4398 1195 4437 commutatam
1211 4386 1293 4431 dicunt
1303 4384 1329 4429 iu

93 4446 175 4497 linem
187 4448 322 4509 exemplos
339 4450 439 4509 posteris
458 4456 612 4507 usurpatum:
634 4448 697 4496 isfris
727 4448 1328 4512 monstrum,cnjussupremsperssoeminesmspe·

95 4512 180 4559 nbtlb.
213 4510 316 4557 Sstrrrno
332 4522 422 4567 tamen,
434 4511 536 4565 Honori,
546 4519 572 4558 et
587 4510 695 4567 Herculi,
727 4512 789 4559 ciem
800 4512 931 4570 retinuerit,
941 4512 1058 4559 indmslu
1073 4526 1145 4560 cums
1156 4508 1252 4556 abierit:
1269 4520 1329 4566 quo·

94 4582 177 4633 aperto
187 4574 267 4633 capite
278 4574 342 4619 tacte
358 4588 436 4629 sacra,
447 4588 494 4619 non
506 4574 599 4630 relatu
610 4574 697 4631 probet
727 4587 780 4621 mm
787 4574 876 4621 latratu
885 4574 999 4621 ducmurn
1010 4574 1133 4632 strepitum
1144 4571 1277 4628 exprimere
1288 4584 1328 4615 so-

94 4636 366 4695 multiplicisuctoritete
377 4636 509 4683 Cerdanus.
727 4636 837 4693 luensut5
855 4636 977 4695 ipsumque
994 4646 1125 4681 monstrum
1143 4634 1167 4677 iu
1186 4630 1328 4687 scopulols-

123 4698 177 4744 411.
189 4698 311 4743 florerem
320 4698 420 4743 clauum
429 4698 527 4759 Pelori]
540 4696 696 4751 Perennem
727 4706 787 4755 tere,
797 4696 872 4757 eoque
882 4712 955 4745 mres
966 4698 1087 4743 attrahere
1102 4709 1132 4740 sc
1147 4694 1327 4741 bremetum-

95 4756 213 4816 Primus,
224 4759 290 4821 Cape
300 4758 325 4804 di
333 4758 404 4814 Fero,
412 4761 599 4819 promontorium
611 4759 696 4807 sicilie
727 4760 770 4809 leri
787 4768 850 4808 sumt.
882 4762 959 4818 arque
973 4760 1032 4809 bec,
1047 4769 1077 4801 ex
1097 4761 1178 4801 mente
1203 4760 1328 4813 portarurn

96 4818 198 4869 anime
216 4820 345 4869 oriestsle:
363 4820 397 4869 sic
414 4821 486 4869 italice
503 4822 606 4871 ric-intem
617 4828 701 4881 eruut
726 4822 802 4883 dien,
810 4820 991 4873 emendabimus
1000 4815 1071 4873 iniri,
1082 4831 1103 4861 r.
1113 4816 1167 4865 aab.
1175 4824 1199 4865 et
1208 4818 1264 4869 686,
