2880 5024
367 587 409 663 Ρ.
432 585 646 664 VIRGILII
672 586 908 665 MARONIS
932 586 1111 662 AENEIS.

581 1135 923 1203 ARGUMENTUM.

163 1284 330 1355 AENEIS
339 1290 449 1372 poima
463 1285 627 1363 heroicum,
641 1284 702 1349 rive
717 1286 842 1371 epicum,
856 1286 893 1350 ab
906 1287 1010 1351 AEneci
1028 1287 1176 1374 Trojano,
1192 1287 1323 1355 Veneris
1337 1300 1368 1355 et

120 1375 263 1441 Anchisa
270 1371 355 1458 filio,
368 1372 491 1437 Priami
501 1392 627 1456 genero,
637 1392 743 1433 nomen
757 1371 867 1434 babet:
889 1397 949 1436 non
965 1374 1048 1459 quid
1061 1375 1193 1439 actiones
1206 1376 1293 1440 illius
1304 1398 1367 1441 om·

121 1484 174 1525 nes
186 1458 439 1544 comprehendam
461 1458 514 1519 sed
528 1478 618 1520 unam
630 1456 709 1519 iuter
724 1478 822 1520 omnes
831 1459 1032 1543 precipuum,
1046 1460 1159 1523 scilicet
1185 1482 1312 1548 regnum
1333 1460 1368 1525 in

122 1545 219 1611 Italici
236 1543 413 1628 fundatum.
451 1542 574 1629 Scripta
594 1552 638 1605 est
658 1542 678 1603 ὰ
698 1540 839 1641 Virgilio
854 1541 887 1605 in
904 1545 1053 1629 gratiam,
1068 1556 1130 1608 tum
1151 1545 1300 1611 Romano
1319 1557 1368 1609 to·

123 1632 182 1695 tius
190 1631 302 1717 gentis,
326 1640 385 1692 tum
390 1627 527 1713 familior
543 1626 691 1713 imprimis
706 1627 810 1705 Jtdeoe,
823 1650 889 1713 quo
897 1627 1047 1715 originem
1069 1630 1213 1715 referebat
1226 1652 1311 1695 suom
1323 1632 1369 1694 od

123 1716 223 1781 Iulum
238 1716 298 1777 siae
312 1712 488 1791 Ascanium,
498 1710 719 1797 AEnecefilium
735 1737 771 1777 eu
788 1713 904 1777 Ground
911 1714 1035 1779 Priami
1041 1714 1126 1800 filio.
1159 1716 1368 1801 Inbauepor-

122 1800 316 1888 risamiliam
339 1798 470 1861 adscitus
493 1796 512 1860 si
534 1796 623 1863 Jmio
650 1796 773 1863 Cosano
786 1801 934 1865 arcencale
948 1798 1057 1887 fuerat
1076 1799 1270 1879 Octauianus,
1292 1815 1368 1866 tone

123 1910 223 1953 rerum
231 1901 352 1973 potens,
361 1895 451 1969 atque
463 1882 591 1969 Egpyto
603 1879 737 1963 subacti,
752 1884 804 1948 M.
817 1885 955 1949 Antonio
969 1898 995 1948 et
1014 1885 1180 1972 Cleopatra
1192 1884 1369 1971 interfectis,

123 1996 201 2037 unser
211 1971 292 2035 orbis
303 1969 439 2034 Romani
453 1969 601 2033 dominus.
627 1968 728 2032 Scribi
741 1981 835 2055 copto
848 1982 900 2050 est,
912 1970 1006 2035 Anno
1026 1971 1065 2036 U.
1086 1972 1124 2035 0.
1138 1977 1212 2037 724.
1227 1984 1370 2045 exeunte<

13 2084 16 2099 ·
40 2132 46 2141 ι
128 2056 263 2143 Virgilii
278 2061 331 2119 40.
359 2053 524 2119 Octauiani
538 2058 590 2118 33.
614 2052 678 2117 eim
698 2052 885 2119 Octauianus
900 2059 933 2121 in
948 2058 1026 2121 deici
1048 2060 1108 2120 non
1131 2057 1224 2144 longi
1239 2058 1277 2121 ab
1298 2056 1371 2121 Eu·

121 2128 230 2231 pbrote
253 2142 423 2227 hyemaret:
443 2151 533 2226 atque
554 2140 598 2202 ito
626 2139 663 2203 V
660 2140 693 2223 ir⁸
712 2141 786 2206 ilius
805 2152 875 2226 post
896 2142 1062 2207 adhibitam
1086 2142 1248 2227 Georgicis
1273 2152 1371 2206 entre-

123 2252 202 2294 mam
216 2250 347 2306 manum,
358 2224 501 2291 continui
516 2224 647 2289 animum
659 2163 790 2289 dilucidi
801 2226 920 2291 uidetur
932 2252 972 2315 op
995 2226 1111 2292 licuisse
1119 2250 1132 2304 ,·
1154 2228 1187 2290 in
1203 2230 1299 2313 eique
1314 2251 1372 2292 an·

123 2336 188 2392 nos,
203 2326 235 2376 ut
250 2313 338 2376 babet
361 2308 495 2388 Seruius,
519 2309 655 2373 undecim
668 2312 838 2389 colloebsse,
862 2326 936 2397 quot
947 2252 993 2377 ab

128 2398 247 2486 Vigilii
262 2398 382 2463 omnino
394 2404 601 2459 numerantur.
627 2394 753 2459 Secutus
768 2406 811 2460 est
829 2398 989 2497 Wrgilius,
1004 2396 1079 2462 utin
1126 2397 1252 2461 aeolicis
1269 2398 1372 2462 Tbeo·

124 2484 241 2560 aritum,
257 2484 288 2546 in
307 2480 466 2580 Georgicis
476 2480 647 2544 Hesiodum
654 2506 666 2559 ,·
689 2482 735 2545 ita
748 2482 782 2545 in
798 2480 932 2549 AEneede
955 2484 1142 2549 Homerum:
1164 2483 1250 2568 cujus
1270 2482 1373 2569 Odys·

1000 2322 1106 2377 entem
1128 2334 1179 2376 ore
1192 2313 1234 2375 od
1245 2324 1372 2377 mortem

122 2591 204 2634 mam
224 2591 276 2631 see
284 2566 451 2704 prioribus
471 2566 568 2644 libris,
585 2565 715 2632 Iliadem
728 2590 781 2631 sen
796 2570 1029 2655 posterioribus,
1045 2569 1200 2655 expressit,
1216 2569 1372 2634 anutium

118 2654 277 2746 superavit
324 2653 360 2716 id
369 2654 438 2716 vero*
454 2652 620 2740 ambigitur
630 2652 711 2717 inter
725 2654 837 2717 doctos.

386 3108 451 3175 DE
474 3106 666 3175 NATURA
687 3104 922 3171 POEMATIS
946 3107 1081 3174 EPICI.

168 3258 330 3326 ΡΟΕΜΑ
345 3280 359 3321 e
382 3260 470 3338 icum,
484 3261 548 3323 sive
563 3255 709 3343 epopreia,
726 3257 769 3321 sic
782 3257 898 3321 dictum
917 3271 963 3319 est
978 3260 1018 3320 ab
1030 3266 1080 3319 tre
1092 3257 1222 3338 uerbum,
1236 3260 1311 3345 quio
1322 3274 1374 3326 to·

127 3361 192 3413 tum
214 3350 320 3430 pobtae
343 3282 479 3408 dictione
498 3366 551 3408 seu
576 3342 755 3405 narratione
780 3344 963 3406 continetur.
1002 3342 1160 3406 Definitur
1175 3366 1213 3407 ex
1228 3346 1376 3411 doctrinis

126 3431 319 3495 Aristotelis:
333 3426 468 3492 Imitatio
479 3428 608 3493 actionis
618 3427 707 3490 unius
719 3424 860 3505 illustris,
869 3430 1030 3514 completae,
1041 3438 1126 3492 certce
1137 3430 1373 3516 magnitudinis,

148 3538 195 3580 oce
211 3515 386 3578 narratione
398 3527 427 3578 et
438 3537 524 3579 versu
534 3514 705 3576 berametro
722 3510 802 3575 viros
817 3514 975 3600 principes
987 3535 1053 3578 cum
1064 3514 1267 3579 admiratione
1279 3527 1309 3580 et
1320 3517 1374 3581 de·

127 3538 286 3665 lectatione
299 3599 516 3685 adprimarins
526 3598 649 3661 virtuter
664 3595 784 3659 excitat.

171 3686 318 3768 Quinque
339 3684 562 3769 complectitur,
579 3680 735 3758 actionem,
751 3679 906 3765 fabulam,
929 3706 1035 3763 mores,
1061 3684 1248 3763 sententiam,
1264 3684 1375 3751 dictio·

128 3792 204 3833 nem.
229 3771 332 3846 Actio,
354 3784 400 3832 cst
415 3768 567 3852 pnimatis
582 3766 733 3827 materie:
757 3766 864 3828 sabula
878 3781 923 3830 cst
947 3771 1077 3832 actionis
1093 3770 1193 3833 formo
1212 3785 1243 3834 et
1256 3784 1376 3835 tracon·

129 3857 195 3918 tio:
219 3875 330 3931 mores,
346 3854 505 3931 sententia,
519 3853 625 3927 dictio,
641 3862 711 3912 sunt
726 3853 899 3914 necessaria
914 3853 1029 3918 fabulae
1045 3869 1235 3919 ornamenta.
1267 3855 1378 3921 Poeta

129 3939 222 4005 sumit
245 3940 397 4002 actionem
423 3941 462 4002 ab
487 3941 592 4015 heroii,
618 3935 752 3999 tabulam
778 3939 816 3998 ab
842 3951 908 4001 arte
923 3938 987 4017 suis,
1012 3960 1113 4003 mores
1128 3942 1147 4003 i
1161 3941 1376 4027 philosophii,

130 4025 310 4091 sententiam
326 4026 345 4086 i
359 4025 523 4103 rhetorici,
540 4023 706 4088 dictionem
723 4022 970 4106 igrammatici.

171 4108 315 4176 ACTIO
329 4111 419 4173 debet
433 4131 498 4173 esse
511 4120 584 4187 una,
598 4106 738 4185 illustris,
753 4109 910 4194 completa,
921 4122 1008 4174 certae
1022 4109 1254 4196 magnitudinis.

177 4196 259 4274 Uno,
275 4196 306 4258 id
329 4208 385 4272 est,
398 4196 439 4258 ab
455 4216 517 4258 uno
533 4196 626 4257 heroii
641 4194 811 4276 praecipuo,
825 4209 856 4257 et
867 4217 930 4258 uno
946 4197 1093 4258 continuo
1109 4198 1210 4282 spatio
1226 4198 1378 4282 temporis

132 4285 247 4367 absque
269 4282 492 4344 intermissione
504 4278 657 4365 persecta3
672 4279 803 4361 talisque
818 4281 977 4362 praeterei,
988 4293 1022 4341 ut
1037 4281 1114 4344 alios
1128 4284 1161 4344 in
1177 4282 1316 4346 actiones
1328 4283 1378 4347 in·

133 4386 236 4454 tegnas
251 4369 324 4430 item
338 4367 568 4450 completusque
579 4363 675 4427 dividi
690 4384 754 4427 non
765 4366 871 4449 possit.

174 4453 322 4529 Illustris,
332 4473 408 4535 ergo
423 4466 455 4514 et
467 4452 605 4513 virorum
620 4448 805 4533 principum,
816 4464 846 4511 et
858 4450 890 4510 in
900 4449 990 4531 gravi
1000 4449 1224 4535 splendidisque
1233 4452 1379 4517 macerit.

180 4538 351 4625 completa,
364 4538 416 4601 cui
430 4535 508 4600 nihil
532 4535 610 4598 desit
633 4553 740 4596 eorum
761 4535 909 4614 omnium,
925 4554 996 4617 quae
1011 4537 1118 4601 adesse
1132 4538 1259 4620 debent,
1272 4552 1310 4603 ut
1322 4540 1381 4605 ab·

134 4622 277 4686 solutast
288 4623 329 4687 nd
344 4624 438 4689 tinem
459 4622 611 4711 perducta
624 4617 687 4683 disi
700 4632 804 4707 meent,
