<?xml version="1.0" encoding="UTF-8"?>
<!DOCTYPE html PUBLIC "-//W3C//DTD XHTML 1.0 Transitional//EN"
    "http://www.w3.org/TR/xhtml1/DTD/xhtml1-transitional.dtd">
<html xmlns="http://www.w3.org/1999/xhtml" xml:lang="en" lang="en">
 <head>
  <title>
</title>
<meta http-equiv="Content-Type" content="text/html;charset=utf-8" />
  <meta name='ocr-system' content='tesseract 3.04.00' />
  <meta name='ocr-capabilities' content='ocr_page ocr_carea ocr_par ocr_line ocrx_word'/>
</head>
<body>
  <div class='ocr_page' id='page_1' title='image "./pvirgiliimaroni01ruegoog/pvirgiliimaroni01ruegoog_0020.png"; bbox 0 0 2880 5024; ppageno 0'>
   <div class='ocr_carea' id='block_1_1' title="bbox 654 234 1336 315">
    <p class='ocr_par' dir='ltr' id='par_1_1' title="bbox 654 234 1336 315">
     <span class='ocr_line' id='line_1_1' title="bbox 654 234 1336 315; baseline 0.007 -18"><span class='ocrx_word' id='word_1_1' title='bbox 654 234 775 303; x_wconf 86' lang='lat' dir='ltr'>VITA.</span> <span class='ocrx_word' id='word_1_2' title='bbox 1031 258 1036 265; x_wconf 93' lang='lat'>·</span> <span class='ocrx_word' id='word_1_3' title='bbox 1290 252 1336 315; x_wconf 66' lang='lat' dir='ltr'>vu</span> 
     </span>
    </p>
   </div>
   <div class='ocr_carea' id='block_1_2' title="bbox 88 381 1343 4705">
    <p class='ocr_par' dir='ltr' id='par_1_2' title="bbox 129 381 1334 470">
     <span class='ocr_line' id='line_1_2' title="bbox 129 381 1334 470; baseline 0.009 -23"><span class='ocrx_word' id='word_1_4' title='bbox 129 382 301 447; x_wconf 75' lang='lat' dir='ltr'>Politicam</span> <span class='ocrx_word' id='word_1_5' title='bbox 316 400 394 466; x_wconf 87' lang='lat' dir='ltr'>puer</span> <span class='ocrx_word' id='word_1_6' title='bbox 409 381 510 446; x_wconf 89' lang='lat' dir='ltr'>adbuc</span> <span class='ocrx_word' id='word_1_7' title='bbox 525 382 712 467; x_wconf 80' lang='lat' dir='ltr'><strong>auspicatus,</strong></span> <span class='ocrx_word' id='word_1_8' title='bbox 728 385 760 447; x_wconf 90' lang='lat' dir='ltr'>in</span> <span class='ocrx_word' id='word_1_9' title='bbox 777 384 927 449; x_wconf 86' lang='lat' dir='ltr'>Balistam</span> <span class='ocrx_word' id='word_1_10' title='bbox 943 385 1007 449; x_wconf 86' lang='lat' dir='ltr'>ludi</span> <span class='ocrx_word' id='word_1_11' title='bbox 1024 388 1198 469; x_wconf 82' lang='lat' dir='ltr'>gladiotorii</span> <span class='ocrx_word' id='word_1_12' title='bbox 1219 397 1334 470; x_wconf 81' lang='lat' dir='ltr'>magis·</span> 
     </span>
    </p>

    <p class='ocr_par' dir='ltr' id='par_1_3' title="bbox 88 468 1336 1404">
     <span class='ocr_line' id='line_1_3' title="bbox 88 468 1301 553; baseline 0.006 -19"><span class='ocrx_word' id='word_1_13' title='bbox 88 486 184 548; x_wconf 89' lang='lat' dir='ltr'>trum,</span> <span class='ocrx_word' id='word_1_14' title='bbox 199 470 241 531; x_wconf 92' lang='lat' dir='ltr'>ob</span> <span class='ocrx_word' id='word_1_15' title='bbox 256 468 415 531; x_wconf 78' lang='lat' dir='ltr'>infamiam</span> <span class='ocrx_word' id='word_1_16' title='bbox 430 468 662 531; x_wconf 91' lang='lat' dir='ltr'>latrociniorum</span> <span class='ocrx_word' id='word_1_17' title='bbox 676 486 856 553; x_wconf 88' lang='lat' dir='ltr'>coopertum</span> <span class='ocrx_word' id='word_1_18' title='bbox 872 472 900 533; x_wconf 90' lang='lat' dir='ltr'>la</span> <span class='ocrx_word' id='word_1_19' title='bbox 924 473 1035 549; x_wconf 86' lang='lat' dir='ltr'>idibus,</span> <span class='ocrx_word' id='word_1_20' title='bbox 1050 476 1199 541; x_wconf 78' lang='lat' dir='ltr'>distichon</span> <span class='ocrx_word' id='word_1_21' title='bbox 1212 470 1286 543; x_wconf 75' lang='lat' dir='ltr'>lecit</span> <span class='ocrx_word' id='word_1_22' title='bbox 1293 504 1301 541; x_wconf 90' lang='lat'>:</span> 
     </span>
     <span class='ocr_line' id='line_1_4' title="bbox 299 494 1132 643; baseline 0.007 -27"><span class='ocrx_word' id='word_1_23' title='bbox 299 552 411 616; x_wconf 86' lang='lat' dir='ltr'>Mente</span> <span class='ocrx_word' id='word_1_24' title='bbox 425 552 479 615; x_wconf 85' lang='lat' dir='ltr'>sub</span> <span class='ocrx_word' id='word_1_25' title='bbox 493 552 548 617; x_wconf 85' lang='lat' dir='ltr'>ltee</span> <span class='ocrx_word' id='word_1_26' title='bbox 559 554 698 639; x_wconf 76' lang='lat' dir='ltr'>lepidum</span> <span class='ocrx_word' id='word_1_27' title='bbox 713 556 827 639; x_wconf 80' lang='lat' dir='ltr'>tegitur</span> <span class='ocrx_word' id='word_1_28' title='bbox 842 494 965 619; x_wconf 64' lang='lat' dir='ltr'>Bodetia</span> <span class='ocrx_word' id='word_1_29' title='bbox 979 558 1132 643; x_wconf 74' lang='lat' dir='ltr'>sepultus:</span> 
     </span>
     <span class='ocr_line' id='line_1_5' title="bbox 389 636 1006 724; baseline 0.003 -23"><span class='ocrx_word' id='word_1_30' title='bbox 389 636 500 713; x_wconf 79' lang='lat' dir='ltr'>Nocte,</span> <span class='ocrx_word' id='word_1_31' title='bbox 516 638 575 715; x_wconf 84' lang='lat' dir='ltr'>die,</span> <span class='ocrx_word' id='word_1_32' title='bbox 592 650 686 701; x_wconf 82' lang='lat' dir='ltr'>tutum</span> <span class='ocrx_word' id='word_1_33' title='bbox 701 662 801 724; x_wconf 81' lang='lat' dir='ltr'>carpe,</span> <span class='ocrx_word' id='word_1_34' title='bbox 817 642 1006 719; x_wconf 65' lang='lat' dir='ltr'>clarentiae.</span> 
     </span>
     <span class='ocr_line' id='line_1_6' title="bbox 92 720 1333 811; baseline 0.009 -23"><span class='ocrx_word' id='word_1_35' title='bbox 92 722 220 789; x_wconf 78' lang='lat' dir='ltr'>Deinde</span> <span class='ocrx_word' id='word_1_36' title='bbox 233 720 431 796; x_wconf 86' lang='lat' dir='ltr'>Catalecton,</span> <span class='ocrx_word' id='word_1_37' title='bbox 443 722 649 800; x_wconf 74' lang='lat' dir='ltr'>etlloretum,</span> <span class='ocrx_word' id='word_1_38' title='bbox 662 740 691 786; x_wconf 90' lang='lat' dir='ltr'>et</span> <span class='ocrx_word' id='word_1_39' title='bbox 706 725 862 809; x_wconf 86' lang='lat' dir='ltr'>Priapeia,</span> <span class='ocrx_word' id='word_1_40' title='bbox 875 742 905 790; x_wconf 90' lang='lat' dir='ltr'>et</span> <span class='ocrx_word' id='word_1_41' title='bbox 919 727 1168 811; x_wconf 76' lang='lat' dir='ltr'>Epigrannnuta,</span> <span class='ocrx_word' id='word_1_42' title='bbox 1182 745 1211 793; x_wconf 89' lang='lat' dir='ltr'>ct</span> <span class='ocrx_word' id='word_1_43' title='bbox 1224 733 1333 799; x_wconf 83' lang='lat' dir='ltr'>lliras:</span> 
     </span>
     <span class='ocr_line' id='line_1_7' title="bbox 92 808 1332 893; baseline 0.009 -20"><span class='ocrx_word' id='word_1_44' title='bbox 92 825 126 873; x_wconf 91' lang='lat' dir='ltr'>et</span> <span class='ocrx_word' id='word_1_45' title='bbox 139 808 294 885; x_wconf 88' lang='lat' dir='ltr'>Culicem,</span> <span class='ocrx_word' id='word_1_46' title='bbox 310 812 384 870; x_wconf 76' lang='lat' dir='ltr'>cium</span> <span class='ocrx_word' id='word_1_47' title='bbox 405 822 482 869; x_wconf 89' lang='lat' dir='ltr'>esset</span> <span class='ocrx_word' id='word_1_48' title='bbox 502 830 653 871; x_wconf 88' lang='lat' dir='ltr'>annorum</span> <span class='ocrx_word' id='word_1_49' title='bbox 680 812 865 891; x_wconf 85' lang='lat' dir='ltr'>quindecim.</span> <span class='ocrx_word' id='word_1_50' title='bbox 910 810 1008 893; x_wconf 79' lang='lat' dir='ltr'>Cujm</span> <span class='ocrx_word' id='word_1_51' title='bbox 1035 817 1163 876; x_wconf 85' lang='lat' dir='ltr'>materia</span> <span class='ocrx_word' id='word_1_52' title='bbox 1187 818 1253 879; x_wconf 80' lang='lat' dir='ltr'>talis</span> <span class='ocrx_word' id='word_1_53' title='bbox 1278 838 1332 884; x_wconf 85' lang='lat' dir='ltr'>est.</span> 
     </span>
     <span class='ocr_line' id='line_1_8' title="bbox 94 894 1333 983; baseline 0.008 -25"><span class='ocrx_word' id='word_1_54' title='bbox 94 894 211 958; x_wconf 79' lang='lat' dir='ltr'>Pastor</span> <span class='ocrx_word' id='word_1_55' title='bbox 223 894 374 973; x_wconf 81' lang='lat' dir='ltr'>fatigatus</span> <span class='ocrx_word' id='word_1_56' title='bbox 390 907 477 969; x_wconf 71' lang='lat' dir='ltr'>astu,</span> <span class='ocrx_word' id='word_1_57' title='bbox 492 914 585 975; x_wconf 90' lang='lat' dir='ltr'>quum</span> <span class='ocrx_word' id='word_1_58' title='bbox 598 896 654 955; x_wconf 83' lang='lat' dir='ltr'>sub</span> <span class='ocrx_word' id='word_1_59' title='bbox 668 898 777 957; x_wconf 88' lang='lat' dir='ltr'>arbore</span> <span class='ocrx_word' id='word_1_60' title='bbox 792 896 1004 975; x_wconf 69' lang='lat' dir='ltr'><strong>obdormisset,</strong></span> <span class='ocrx_word' id='word_1_61' title='bbox 1015 914 1045 959; x_wconf 92' lang='lat' dir='ltr'>et</span> <span class='ocrx_word' id='word_1_62' title='bbox 1058 922 1182 983; x_wconf 86' lang='lat' dir='ltr'>serpens</span> <span class='ocrx_word' id='word_1_63' title='bbox 1198 903 1238 963; x_wconf 87' lang='lat' dir='ltr'>ad</span> <span class='ocrx_word' id='word_1_64' title='bbox 1252 904 1333 969; x_wconf 90' lang='lat' dir='ltr'>illum</span> 
     </span>
     <span class='ocr_line' id='line_1_9' title="bbox 94 978 1334 1066; baseline 0.01 -25"><span class='ocrx_word' id='word_1_65' title='bbox 94 994 275 1065; x_wconf 82' lang='lat' dir='ltr'>proreperet</span> <span class='ocrx_word' id='word_1_66' title='bbox 286 980 304 1039; x_wconf 83' lang='lat' dir='ltr'>e</span> <span class='ocrx_word' id='word_1_67' title='bbox 317 978 432 1061; x_wconf 88' lang='lat' dir='ltr'>palude</span> <span class='ocrx_word' id='word_1_68' title='bbox 440 1002 449 1055; x_wconf 93' lang='lat'>;</span> <span class='ocrx_word' id='word_1_69' title='bbox 472 979 558 1039; x_wconf 82' lang='lat' dir='ltr'>culex</span> <span class='ocrx_word' id='word_1_70' title='bbox 573 980 757 1061; x_wconf 82' lang='lat' dir='ltr'>provolavit,</span> <span class='ocrx_word' id='word_1_71' title='bbox 771 996 863 1063; x_wconf 87' lang='lat' dir='ltr'>atque</span> <span class='ocrx_word' id='word_1_72' title='bbox 878 982 957 1045; x_wconf 91' lang='lat' dir='ltr'>iuter</span> <span class='ocrx_word' id='word_1_73' title='bbox 971 984 1033 1044; x_wconf 91' lang='lat' dir='ltr'>duo</span> <span class='ocrx_word' id='word_1_74' title='bbox 1044 999 1182 1066; x_wconf 86' lang='lat' dir='ltr'>tempora</span> <span class='ocrx_word' id='word_1_75' title='bbox 1196 988 1334 1052; x_wconf 85' lang='lat' dir='ltr'>aerdeum</span> 
     </span>
     <span class='ocr_line' id='line_1_10' title="bbox 95 1064 1336 1153; baseline 0.004 -24"><span class='ocrx_word' id='word_1_76' title='bbox 95 1067 164 1129; x_wconf 77' lang='lat' dir='ltr'>lixit</span> <span class='ocrx_word' id='word_1_77' title='bbox 175 1064 303 1148; x_wconf 85' lang='lat' dir='ltr'>pastori.</span> <span class='ocrx_word' id='word_1_78' title='bbox 347 1065 392 1126; x_wconf 87' lang='lat' dir='ltr'>At</span> <span class='ocrx_word' id='word_1_79' title='bbox 402 1064 455 1125; x_wconf 90' lang='lat' dir='ltr'>ille</span> <span class='ocrx_word' id='word_1_80' title='bbox 475 1064 622 1125; x_wconf 79' lang='lat' dir='ltr'>continui)</span> <span class='ocrx_word' id='word_1_81' title='bbox 636 1066 765 1127; x_wconf 89' lang='lat' dir='ltr'>culicem</span> <span class='ocrx_word' id='word_1_82' title='bbox 778 1066 931 1143; x_wconf 76' lang='lat' dir='ltr'>contrivit,</span> <span class='ocrx_word' id='word_1_83' title='bbox 945 1082 975 1127; x_wconf 94' lang='lat' dir='ltr'>et</span> <span class='ocrx_word' id='word_1_84' title='bbox 990 1069 1088 1131; x_wconf 87' lang='lat' dir='ltr'>visum</span> <span class='ocrx_word' id='word_1_85' title='bbox 1104 1085 1275 1153; x_wconf 86' lang='lat' dir='ltr'>serpentem</span> <span class='ocrx_word' id='word_1_86' title='bbox 1292 1072 1336 1135; x_wconf 92' lang='lat' dir='ltr'>in-</span> 
     </span>
     <span class='ocr_line' id='line_1_11' title="bbox 95 1148 1021 1232; baseline -0.001 -18"><span class='ocrx_word' id='word_1_87' title='bbox 95 1150 225 1227; x_wconf 80' lang='lat' dir='ltr'>teremit,</span> <span class='ocrx_word' id='word_1_88' title='bbox 242 1170 279 1212; x_wconf 88' lang='lat' dir='ltr'>ac</span> <span class='ocrx_word' id='word_1_89' title='bbox 294 1148 466 1232; x_wconf 87' lang='lat' dir='ltr'>sepulcrum</span> <span class='ocrx_word' id='word_1_90' title='bbox 482 1150 575 1212; x_wconf 91' lang='lat' dir='ltr'>culici</span> <span class='ocrx_word' id='word_1_91' title='bbox 591 1152 707 1227; x_wconf 84' lang='lat' dir='ltr'>stanrit,</span> <span class='ocrx_word' id='word_1_92' title='bbox 721 1166 753 1211; x_wconf 89' lang='lat' dir='ltr'>et</span> <span class='ocrx_word' id='word_1_93' title='bbox 766 1152 918 1213; x_wconf 78' lang='lat' dir='ltr'>distichon</span> <span class='ocrx_word' id='word_1_94' title='bbox 934 1152 1021 1213; x_wconf 83' lang='lat' dir='ltr'>serit:</span> 
     </span>
     <span class='ocr_line' id='line_1_12' title="bbox 305 1232 1076 1317; baseline 0.004 -20"><span class='ocrx_word' id='word_1_95' title='bbox 305 1232 408 1297; x_wconf 84' lang='lat' dir='ltr'>Peroe</span> <span class='ocrx_word' id='word_1_96' title='bbox 422 1233 519 1311; x_wconf 81' lang='lat' dir='ltr'>cules,</span> <span class='ocrx_word' id='word_1_97' title='bbox 532 1234 680 1317; x_wconf 83' lang='lat' dir='ltr'>pecudum</span> <span class='ocrx_word' id='word_1_98' title='bbox 695 1245 792 1297; x_wconf 84' lang='lat' dir='ltr'>eustos</span> <span class='ocrx_word' id='word_1_99' title='bbox 808 1234 864 1297; x_wconf 83' lang='lat' dir='ltr'>tibi</span> <span class='ocrx_word' id='word_1_100' title='bbox 879 1235 937 1299; x_wconf 83' lang='lat' dir='ltr'>talc</span> <span class='ocrx_word' id='word_1_101' title='bbox 953 1238 1076 1299; x_wconf 84' lang='lat' dir='ltr'>merenti</span> 
     </span>
     <span class='ocr_line' id='line_1_13' title="bbox 231 1317 992 1404; baseline 0.003 -23"><span class='ocrx_word' id='word_1_102' title='bbox 231 1320 234 1327; x_wconf 83' lang='lat'>&#39;</span> <span class='ocrx_word' id='word_1_103' title='bbox 305 1317 439 1382; x_wconf 77' lang='lat' dir='ltr'>Funeris</span> <span class='ocrx_word' id='word_1_104' title='bbox 453 1318 581 1403; x_wconf 81' lang='lat' dir='ltr'>officium</span> <span class='ocrx_word' id='word_1_105' title='bbox 595 1321 665 1382; x_wconf 79' lang='lat' dir='ltr'>eitae</span> <span class='ocrx_word' id='word_1_106' title='bbox 675 1342 735 1404; x_wconf 82' lang='lat' dir='ltr'>pro</span> <span class='ocrx_word' id='word_1_107' title='bbox 751 1342 870 1383; x_wconf 78' lang='lat' dir='ltr'>ocurrere</span> <span class='ocrx_word' id='word_1_108' title='bbox 884 1320 992 1383; x_wconf 81' lang='lat' dir='ltr'>reddit.</span> 
     </span>
    </p>

    <p class='ocr_par' dir='ltr' id='par_1_4' title="bbox 94 1404 1338 3448">
     <span class='ocr_line' id='line_1_14' title="bbox 94 1404 1337 1490; baseline 0.005 -23"><span class='ocrx_word' id='word_1_109' title='bbox 94 1404 231 1490; x_wconf 81' lang='lat' dir='ltr'>Scripsit</span> <span class='ocrx_word' id='word_1_110' title='bbox 242 1404 345 1481; x_wconf 85' lang='lat' dir='ltr'>etiam,</span> <span class='ocrx_word' id='word_1_111' title='bbox 357 1405 396 1467; x_wconf 90' lang='lat' dir='ltr'>de</span> <span class='ocrx_word' id='word_1_112' title='bbox 408 1404 470 1487; x_wconf 81' lang='lat' dir='ltr'>quis</span> <span class='ocrx_word' id='word_1_113' title='bbox 484 1405 661 1486; x_wconf 74' lang='lat' dir='ltr'>ambigitur,</span> <span class='ocrx_word' id='word_1_114' title='bbox 674 1404 813 1467; x_wconf 85' lang='lat' dir='ltr'>AEtnanr.</span> <span class='ocrx_word' id='word_1_115' title='bbox 856 1404 901 1467; x_wconf 88' lang='lat' dir='ltr'>Et</span> <span class='ocrx_word' id='word_1_116' title='bbox 923 1427 1005 1481; x_wconf 77' lang='lat' dir='ltr'>uncis,</span> <span class='ocrx_word' id='word_1_117' title='bbox 1021 1408 1091 1469; x_wconf 83' lang='lat' dir='ltr'>cum</span> <span class='ocrx_word' id='word_1_118' title='bbox 1112 1427 1160 1467; x_wconf 91' lang='lat' dir='ltr'>res</span> <span class='ocrx_word' id='word_1_119' title='bbox 1175 1408 1337 1474; x_wconf 86' lang='lat' dir='ltr'>Romanas</span> 
     </span>
     <span class='ocr_line' id='line_1_15' title="bbox 96 1489 1338 1574; baseline 0.003 -21"><span class='ocrx_word' id='word_1_120' title='bbox 96 1491 282 1567; x_wconf 75' lang='lat' dir='ltr'>inchoisset,</span> <span class='ocrx_word' id='word_1_121' title='bbox 295 1489 427 1551; x_wconf 81' lang='lat' dir='ltr'>offensus</span> <span class='ocrx_word' id='word_1_122' title='bbox 449 1491 586 1567; x_wconf 79' lang='lat' dir='ltr'>materis,</span> <span class='ocrx_word' id='word_1_123' title='bbox 609 1506 639 1553; x_wconf 90' lang='lat' dir='ltr'>et</span> <span class='ocrx_word' id='word_1_124' title='bbox 663 1492 821 1553; x_wconf 85' lang='lat' dir='ltr'>nominum</span> <span class='ocrx_word' id='word_1_125' title='bbox 840 1491 1014 1574; x_wconf 86' lang='lat' dir='ltr'>asperitate,</span> <span class='ocrx_word' id='word_1_126' title='bbox 1031 1493 1071 1553; x_wconf 86' lang='lat' dir='ltr'>ad</span> <span class='ocrx_word' id='word_1_127' title='bbox 1086 1490 1238 1557; x_wconf 87' lang='lat' dir='ltr'>Bucolica</span> <span class='ocrx_word' id='word_1_128' title='bbox 1252 1510 1338 1558; x_wconf 91' lang='lat' dir='ltr'>tran·</span> 
     </span>
     <span class='ocr_line' id='line_1_16' title="bbox 94 1574 1337 1660; baseline 0.005 -23"><span class='ocrx_word' id='word_1_129' title='bbox 94 1577 165 1637; x_wconf 87' lang='lat' dir='ltr'>siit:</span> <span class='ocrx_word' id='word_1_130' title='bbox 188 1576 321 1638; x_wconf 76' lang='lat' dir='ltr'>maxime</span> <span class='ocrx_word' id='word_1_131' title='bbox 337 1589 372 1638; x_wconf 91' lang='lat' dir='ltr'>ut</span> <span class='ocrx_word' id='word_1_132' title='bbox 384 1574 527 1638; x_wconf 82' lang='lat' dir='ltr'>Asinium</span> <span class='ocrx_word' id='word_1_133' title='bbox 546 1575 731 1653; x_wconf 89' lang='lat' dir='ltr'>Pollionem,</span> <span class='ocrx_word' id='word_1_134' title='bbox 746 1578 923 1660; x_wconf 83' lang='lat' dir='ltr'>Alplrentnn</span> <span class='ocrx_word' id='word_1_135' title='bbox 945 1574 1075 1653; x_wconf 86' lang='lat' dir='ltr'>Varum,</span> <span class='ocrx_word' id='word_1_136' title='bbox 1100 1591 1130 1638; x_wconf 91' lang='lat' dir='ltr'>et</span> <span class='ocrx_word' id='word_1_137' title='bbox 1154 1577 1337 1643; x_wconf 87' lang='lat' dir='ltr'>Cornelium</span> 
     </span>
     <span class='ocr_line' id='line_1_17' title="bbox 96 1660 1337 1747; baseline 0.002 -24"><span class='ocrx_word' id='word_1_138' title='bbox 96 1660 227 1723; x_wconf 87' lang='lat' dir='ltr'>Gallum</span> <span class='ocrx_word' id='word_1_139' title='bbox 239 1660 423 1723; x_wconf 82' lang='lat' dir='ltr'>celebraret:</span> <span class='ocrx_word' id='word_1_140' title='bbox 446 1662 519 1743; x_wconf 86' lang='lat' dir='ltr'>quia</span> <span class='ocrx_word' id='word_1_141' title='bbox 535 1661 567 1721; x_wconf 92' lang='lat' dir='ltr'>in</span> <span class='ocrx_word' id='word_1_142' title='bbox 588 1662 803 1724; x_wconf 82' lang='lat' dir='ltr'>distributione</span> <span class='ocrx_word' id='word_1_143' title='bbox 824 1682 971 1743; x_wconf 79' lang='lat' dir='ltr'>agrorum</span> <span class='ocrx_word' id='word_1_144' title='bbox 985 1663 1038 1744; x_wconf 87' lang='lat' dir='ltr'>qni</span> <span class='ocrx_word' id='word_1_145' title='bbox 1060 1675 1131 1747; x_wconf 88' lang='lat' dir='ltr'>post</span> <span class='ocrx_word' id='word_1_146' title='bbox 1153 1662 1337 1747; x_wconf 85' lang='lat' dir='ltr'>Philippen-</span> 
     </span>
     <span class='ocr_line' id='line_1_18' title="bbox 96 1744 1335 1829; baseline 0.003 -21"><span class='ocrx_word' id='word_1_147' title='bbox 96 1767 161 1809; x_wconf 87' lang='lat' dir='ltr'>sem</span> <span class='ocrx_word' id='word_1_148' title='bbox 174 1746 336 1807; x_wconf 87' lang='lat' dir='ltr'>victoriam</span> <span class='ocrx_word' id='word_1_149' title='bbox 349 1746 509 1823; x_wconf 88' lang='lat' dir='ltr'>veteranis,</span> <span class='ocrx_word' id='word_1_150' title='bbox 525 1744 774 1808; x_wconf 82' lang='lat' dir='ltr'>Triumvirorum</span> <span class='ocrx_word' id='word_1_151' title='bbox 791 1750 891 1829; x_wconf 84' lang='lat' dir='ltr'>jussu,</span> <span class='ocrx_word' id='word_1_152' title='bbox 907 1760 991 1810; x_wconf 88' lang='lat' dir='ltr'>trans</span> <span class='ocrx_word' id='word_1_153' title='bbox 1006 1746 1130 1809; x_wconf 91' lang='lat' dir='ltr'>Padum</span> <span class='ocrx_word' id='word_1_154' title='bbox 1153 1748 1335 1811; x_wconf 89' lang='lat' dir='ltr'>divideban-</span> 
     </span>
     <span class='ocr_line' id='line_1_19' title="bbox 96 1830 1336 1913; baseline 0.002 -20"><span class='ocrx_word' id='word_1_155' title='bbox 96 1846 158 1908; x_wconf 92' lang='lat' dir='ltr'>tur,</span> <span class='ocrx_word' id='word_1_156' title='bbox 175 1832 346 1893; x_wconf 90' lang='lat' dir='ltr'>indemnem</span> <span class='ocrx_word' id='word_1_157' title='bbox 371 1852 403 1893; x_wconf 89' lang='lat' dir='ltr'>se</span> <span class='ocrx_word' id='word_1_158' title='bbox 423 1830 645 1913; x_wconf 71' lang='lat' dir='ltr'>praestitissent.</span> <span class='ocrx_word' id='word_1_159' title='bbox 690 1830 813 1894; x_wconf 86' lang='lat' dir='ltr'>Deinde</span> <span class='ocrx_word' id='word_1_160' title='bbox 828 1832 983 1913; x_wconf 77' lang='lat' dir='ltr'>Georgica</span> <span class='ocrx_word' id='word_1_161' title='bbox 999 1834 1031 1895; x_wconf 93' lang='lat' dir='ltr'>in</span> <span class='ocrx_word' id='word_1_162' title='bbox 1046 1833 1194 1895; x_wconf 89' lang='lat' dir='ltr'>bonorem</span> <span class='ocrx_word' id='word_1_163' title='bbox 1218 1832 1336 1896; x_wconf 74' lang='lat' dir='ltr'>blace-</span> 
     </span>
     <span class='ocr_line' id='line_1_20' title="bbox 98 1916 1336 2001; baseline 0.002 -22"><span class='ocrx_word' id='word_1_164' title='bbox 98 1917 182 1979; x_wconf 88' lang='lat' dir='ltr'>natis</span> <span class='ocrx_word' id='word_1_165' title='bbox 195 1916 309 1979; x_wconf 78' lang='lat' dir='ltr'>edidits</span> <span class='ocrx_word' id='word_1_166' title='bbox 331 1916 402 2001; x_wconf 84' lang='lat' dir='ltr'>crim</span> <span class='ocrx_word' id='word_1_167' title='bbox 421 1917 478 1977; x_wconf 80' lang='lat' dir='ltr'>sibi</span> <span class='ocrx_word' id='word_1_168' title='bbox 491 1916 617 1979; x_wconf 84' lang='lat' dir='ltr'>vixdum</span> <span class='ocrx_word' id='word_1_169' title='bbox 632 1932 708 1979; x_wconf 95' lang='lat' dir='ltr'>noto</span> <span class='ocrx_word' id='word_1_170' title='bbox 720 1938 810 2001; x_wconf 91' lang='lat' dir='ltr'>opem</span> <span class='ocrx_word' id='word_1_171' title='bbox 822 1916 941 1979; x_wconf 91' lang='lat' dir='ltr'>tulisset</span> <span class='ocrx_word' id='word_1_172' title='bbox 955 1918 1099 1979; x_wconf 74' lang='lat' dir='ltr'>adversius</span> <span class='ocrx_word' id='word_1_173' title='bbox 1112 1916 1239 1979; x_wconf 88' lang='lat' dir='ltr'>Claudii</span> <span class='ocrx_word' id='word_1_174' title='bbox 1252 1934 1336 1981; x_wconf 89' lang='lat' dir='ltr'>vete-</span> 
     </span>
     <span class='ocr_line' id='line_1_21' title="bbox 96 2000 1335 2085; baseline 0.002 -20"><span class='ocrx_word' id='word_1_175' title='bbox 96 2002 165 2065; x_wconf 90' lang='lat' dir='ltr'>rani</span> <span class='ocrx_word' id='word_1_176' title='bbox 177 2002 290 2079; x_wconf 89' lang='lat' dir='ltr'>militis,</span> <span class='ocrx_word' id='word_1_177' title='bbox 300 2000 350 2063; x_wconf 89' lang='lat' dir='ltr'>vel</span> <span class='ocrx_word' id='word_1_178' title='bbox 365 2013 400 2063; x_wconf 93' lang='lat' dir='ltr'>ut</span> <span class='ocrx_word' id='word_1_179' title='bbox 410 2002 463 2063; x_wconf 85' lang='lat' dir='ltr'>alii</span> <span class='ocrx_word' id='word_1_180' title='bbox 477 2016 599 2085; x_wconf 89' lang='lat' dir='ltr'>putant,</span> <span class='ocrx_word' id='word_1_181' title='bbox 609 2003 677 2065; x_wconf 89' lang='lat' dir='ltr'>Arii</span> <span class='ocrx_word' id='word_1_182' title='bbox 690 2003 876 2066; x_wconf 85' lang='lat' dir='ltr'>centurionis</span> <span class='ocrx_word' id='word_1_183' title='bbox 886 2002 1081 2065; x_wconf 83' lang='lat' dir='ltr'>violentiam:</span> <span class='ocrx_word' id='word_1_184' title='bbox 1098 2002 1187 2084; x_wconf 79' lang='lat' dir='ltr'>ique</span> <span class='ocrx_word' id='word_1_185' title='bbox 1200 2004 1232 2065; x_wconf 93' lang='lat' dir='ltr'>in</span> <span class='ocrx_word' id='word_1_186' title='bbox 1242 2004 1335 2067; x_wconf 85' lang='lat' dir='ltr'>alter·</span> 
     </span>
     <span class='ocr_line' id='line_1_22' title="bbox 96 2086 1336 2171; baseline 0.002 -20"><span class='ocrx_word' id='word_1_187' title='bbox 96 2088 221 2151; x_wconf 88' lang='lat' dir='ltr'>catione</span> <span class='ocrx_word' id='word_1_188' title='bbox 239 2086 301 2149; x_wconf 86' lang='lat' dir='ltr'>litis</span> <span class='ocrx_word' id='word_1_189' title='bbox 315 2087 450 2168; x_wconf 76' lang='lat' dir='ltr'>agrariae</span> <span class='ocrx_word' id='word_1_190' title='bbox 465 2088 576 2171; x_wconf 89' lang='lat' dir='ltr'>panim</span> <span class='ocrx_word' id='word_1_191' title='bbox 592 2088 691 2151; x_wconf 83' lang='lat' dir='ltr'>abfuit</span> <span class='ocrx_word' id='word_1_192' title='bbox 704 2090 779 2170; x_wconf 89' lang='lat' dir='ltr'>quin</span> <span class='ocrx_word' id='word_1_193' title='bbox 793 2088 995 2151; x_wconf 86' lang='lat' dir='ltr'>occideretur.</span> <span class='ocrx_word' id='word_1_194' title='bbox 1041 2086 1217 2149; x_wconf 76' lang='lat' dir='ltr'>Novissime</span> <span class='ocrx_word' id='word_1_195' title='bbox 1234 2103 1336 2153; x_wconf 88' lang='lat' dir='ltr'>autem</span> 
     </span>
     <span class='ocr_line' id='line_1_23' title="bbox 95 2171 1335 2257; baseline 0.001 -22"><span class='ocrx_word' id='word_1_196' title='bbox 95 2172 262 2235; x_wconf 80' lang='lat' dir='ltr'>AEneidem</span> <span class='ocrx_word' id='word_1_197' title='bbox 274 2184 503 2257; x_wconf 80' lang='lat' dir='ltr'>aggressusest,</span> <span class='ocrx_word' id='word_1_198' title='bbox 513 2188 727 2254; x_wconf 79' lang='lat' dir='ltr'>argumentum</span> <span class='ocrx_word' id='word_1_199' title='bbox 739 2176 858 2237; x_wconf 85' lang='lat' dir='ltr'>varirun</span> <span class='ocrx_word' id='word_1_200' title='bbox 869 2188 899 2235; x_wconf 91' lang='lat' dir='ltr'>et</span> <span class='ocrx_word' id='word_1_201' title='bbox 909 2171 1078 2253; x_wconf 80' lang='lat' dir='ltr'>multiplex,</span> <span class='ocrx_word' id='word_1_202' title='bbox 1089 2186 1119 2231; x_wconf 92' lang='lat' dir='ltr'>et</span> <span class='ocrx_word' id='word_1_203' title='bbox 1131 2173 1218 2251; x_wconf 85' lang='lat' dir='ltr'>quasi</span> <span class='ocrx_word' id='word_1_204' title='bbox 1230 2175 1335 2236; x_wconf 84' lang='lat' dir='ltr'>ainbo-</span> 
     </span>
     <span class='ocr_line' id='line_1_24' title="bbox 96 2253 1335 2343; baseline -0.002 -22"><span class='ocrx_word' id='word_1_205' title='bbox 96 2280 165 2321; x_wconf 90' lang='lat' dir='ltr'>rmn</span> <span class='ocrx_word' id='word_1_206' title='bbox 178 2256 306 2321; x_wconf 86' lang='lat' dir='ltr'>Homeri</span> <span class='ocrx_word' id='word_1_207' title='bbox 319 2258 492 2320; x_wconf 87' lang='lat' dir='ltr'>carminum</span> <span class='ocrx_word' id='word_1_208' title='bbox 503 2259 615 2321; x_wconf 84' lang='lat' dir='ltr'>instar:</span> <span class='ocrx_word' id='word_1_209' title='bbox 631 2262 780 2343; x_wconf 76' lang='lat' dir='ltr'>peteterea</span> <span class='ocrx_word' id='word_1_210' title='bbox 790 2258 965 2321; x_wconf 89' lang='lat' dir='ltr'>nominibus</span> <span class='ocrx_word' id='word_1_211' title='bbox 976 2280 1012 2318; x_wconf 90' lang='lat' dir='ltr'>ac</span> <span class='ocrx_word' id='word_1_212' title='bbox 1023 2258 1123 2331; x_wconf 87' lang='lat' dir='ltr'>rebus,</span> <span class='ocrx_word' id='word_1_213' title='bbox 1139 2253 1259 2317; x_wconf 78' lang='lat' dir='ltr'>Graecis</span> <span class='ocrx_word' id='word_1_214' title='bbox 1272 2257 1335 2319; x_wconf 87' lang='lat' dir='ltr'>La·</span> 
     </span>
     <span class='ocr_line' id='line_1_25' title="bbox 95 2340 1335 2427; baseline -0.001 -21"><span class='ocrx_word' id='word_1_215' title='bbox 95 2344 241 2426; x_wconf 89' lang='lat' dir='ltr'>tiuisque,</span> <span class='ocrx_word' id='word_1_216' title='bbox 264 2364 448 2406; x_wconf 84' lang='lat' dir='ltr'>commune:</span> <span class='ocrx_word' id='word_1_217' title='bbox 470 2358 500 2405; x_wconf 92' lang='lat' dir='ltr'>et</span> <span class='ocrx_word' id='word_1_218' title='bbox 517 2342 638 2427; x_wconf 87' lang='lat' dir='ltr'>inquo,</span> <span class='ocrx_word' id='word_1_219' title='bbox 654 2346 738 2427; x_wconf 90' lang='lat' dir='ltr'>quod</span> <span class='ocrx_word' id='word_1_220' title='bbox 752 2345 885 2407; x_wconf 76' lang='lat' dir='ltr'>maxime</span> <span class='ocrx_word' id='word_1_221' title='bbox 901 2344 1052 2419; x_wconf 88' lang='lat' dir='ltr'>studebat,</span> <span class='ocrx_word' id='word_1_222' title='bbox 1074 2340 1230 2404; x_wconf 83' lang='lat' dir='ltr'>Romame</span> <span class='ocrx_word' id='word_1_223' title='bbox 1245 2342 1335 2405; x_wconf 90' lang='lat' dir='ltr'>simul</span> 
     </span>
     <span class='ocr_line' id='line_1_26' title="bbox 95 2427 1337 2510; baseline -0.002 -19"><span class='ocrx_word' id='word_1_224' title='bbox 95 2430 183 2492; x_wconf 90' lang='lat' dir='ltr'>urbis</span> <span class='ocrx_word' id='word_1_225' title='bbox 195 2444 227 2491; x_wconf 92' lang='lat' dir='ltr'>et</span> <span class='ocrx_word' id='word_1_226' title='bbox 240 2429 371 2510; x_wconf 77' lang='lat' dir='ltr'>Auginti</span> <span class='ocrx_word' id='word_1_227' title='bbox 389 2428 479 2509; x_wconf 88' lang='lat' dir='ltr'>origo</span> <span class='ocrx_word' id='word_1_228' title='bbox 493 2430 710 2493; x_wconf 89' lang='lat' dir='ltr'>contineretur.</span> <span class='ocrx_word' id='word_1_229' title='bbox 753 2430 836 2491; x_wconf 85' lang='lat' dir='ltr'>Cina</span> <span class='ocrx_word' id='word_1_230' title='bbox 852 2428 1010 2509; x_wconf 80' lang='lat' dir='ltr'>Georgica</span> <span class='ocrx_word' id='word_1_231' title='bbox 1034 2428 1189 2504; x_wconf 87' lang='lat' dir='ltr'>scriberet,</span> <span class='ocrx_word' id='word_1_232' title='bbox 1205 2427 1337 2489; x_wconf 90' lang='lat' dir='ltr'>traditur</span> 
     </span>
     <span class='ocr_line' id='line_1_27' title="bbox 96 2512 1337 2597; baseline 0 -22"><span class='ocrx_word' id='word_1_233' title='bbox 96 2514 241 2597; x_wconf 89' lang='lat' dir='ltr'>quotidie</span> <span class='ocrx_word' id='word_1_234' title='bbox 262 2514 422 2575; x_wconf 83' lang='lat' dir='ltr'>meditatos</span> <span class='ocrx_word' id='word_1_235' title='bbox 445 2534 534 2577; x_wconf 88' lang='lat' dir='ltr'>mane</span> <span class='ocrx_word' id='word_1_236' title='bbox 555 2514 705 2597; x_wconf 88' lang='lat' dir='ltr'>plurimos</span> <span class='ocrx_word' id='word_1_237' title='bbox 727 2535 832 2575; x_wconf 86' lang='lat' dir='ltr'>versus</span> <span class='ocrx_word' id='word_1_238' title='bbox 847 2513 964 2575; x_wconf 86' lang='lat' dir='ltr'>dicture</span> <span class='ocrx_word' id='word_1_239' title='bbox 982 2512 1099 2589; x_wconf 89' lang='lat' dir='ltr'>solitus,</span> <span class='ocrx_word' id='word_1_240' title='bbox 1116 2534 1152 2575; x_wconf 89' lang='lat' dir='ltr'>ac</span> <span class='ocrx_word' id='word_1_241' title='bbox 1167 2532 1223 2596; x_wconf 91' lang='lat' dir='ltr'>per</span> <span class='ocrx_word' id='word_1_242' title='bbox 1238 2526 1337 2575; x_wconf 85' lang='lat' dir='ltr'>toturn</span> 
     </span>
     <span class='ocr_line' id='line_1_28' title="bbox 97 2598 1336 2683; baseline -0.002 -21"><span class='ocrx_word' id='word_1_243' title='bbox 97 2599 183 2662; x_wconf 88' lang='lat' dir='ltr'>diem</span> <span class='ocrx_word' id='word_1_244' title='bbox 205 2598 397 2660; x_wconf 85' lang='lat' dir='ltr'>retractando</span> <span class='ocrx_word' id='word_1_245' title='bbox 410 2600 449 2661; x_wconf 88' lang='lat' dir='ltr'>ad</span> <span class='ocrx_word' id='word_1_246' title='bbox 465 2600 666 2683; x_wconf 87' lang='lat' dir='ltr'>paucissimos</span> <span class='ocrx_word' id='word_1_247' title='bbox 681 2599 837 2679; x_wconf 83' lang='lat' dir='ltr'>redigere:</span> <span class='ocrx_word' id='word_1_248' title='bbox 861 2619 923 2659; x_wconf 92' lang='lat' dir='ltr'>non</span> <span class='ocrx_word' id='word_1_249' title='bbox 938 2599 1082 2676; x_wconf 76' lang='lat' dir='ltr'>absurde,</span> <span class='ocrx_word' id='word_1_250' title='bbox 1098 2618 1222 2660; x_wconf 88' lang='lat' dir='ltr'>carmen</span> <span class='ocrx_word' id='word_1_251' title='bbox 1238 2619 1270 2660; x_wconf 90' lang='lat' dir='ltr'>se</span> <span class='ocrx_word' id='word_1_252' title='bbox 1283 2619 1336 2660; x_wconf 93' lang='lat' dir='ltr'>ur·</span> 
     </span>
     <span class='ocr_line' id='line_1_29' title="bbox 96 2683 1338 2782; baseline -0.002 -33"><span class='ocrx_word' id='word_1_253' title='bbox 96 2706 143 2749; x_wconf 81' lang='lat' dir='ltr'>sae</span> <span class='ocrx_word' id='word_1_254' title='bbox 165 2704 252 2745; x_wconf 87' lang='lat' dir='ltr'>more</span> <span class='ocrx_word' id='word_1_255' title='bbox 271 2702 381 2782; x_wconf 87' lang='lat' dir='ltr'>parere</span> <span class='ocrx_word' id='word_1_256' title='bbox 403 2685 519 2760; x_wconf 88' lang='lat' dir='ltr'>dicens,</span> <span class='ocrx_word' id='word_1_257' title='bbox 534 2698 565 2745; x_wconf 89' lang='lat' dir='ltr'>et</span> <span class='ocrx_word' id='word_1_258' title='bbox 579 2684 742 2745; x_wconf 87' lang='lat' dir='ltr'>lambendo</span> <span class='ocrx_word' id='word_1_259' title='bbox 757 2684 880 2745; x_wconf 80' lang='lat' dir='ltr'>clernnm</span> <span class='ocrx_word' id='word_1_260' title='bbox 894 2684 1048 2762; x_wconf 82' lang='lat' dir='ltr'>effingere.</span> <span class='ocrx_word' id='word_1_261' title='bbox 1093 2683 1217 2745; x_wconf 85' lang='lat' dir='ltr'>Eneida</span> <span class='ocrx_word' id='word_1_262' title='bbox 1264 2683 1338 2747; x_wconf 72' lang='lat' dir='ltr'>rost</span> 
     </span>
     <span class='ocr_line' id='line_1_30' title="bbox 96 2704 1337 2855; baseline -0.001 -23"><span class='ocrx_word' id='word_1_263' title='bbox 96 2770 184 2855; x_wconf 84' lang='lat' dir='ltr'>priirs</span> <span class='ocrx_word' id='word_1_264' title='bbox 199 2782 341 2830; x_wconf 86' lang='lat' dir='ltr'>oratione</span> <span class='ocrx_word' id='word_1_265' title='bbox 361 2768 532 2847; x_wconf 78' lang='lat' dir='ltr'>formatam,</span> <span class='ocrx_word' id='word_1_266' title='bbox 552 2768 765 2849; x_wconf 87' lang='lat' dir='ltr'>digestamque</span> <span class='ocrx_word' id='word_1_267' title='bbox 780 2768 812 2829; x_wconf 91' lang='lat' dir='ltr'>in</span> <span class='ocrx_word' id='word_1_268' title='bbox 827 2769 989 2831; x_wconf 89' lang='lat' dir='ltr'>duodecim</span> <span class='ocrx_word' id='word_1_269' title='bbox 1006 2768 1110 2845; x_wconf 87' lang='lat' dir='ltr'>libros,</span> <span class='ocrx_word' id='word_1_270' title='bbox 1126 2704 1337 2853; x_wconf 77' lang='lat' dir='ltr'>particuiatim</span> 
     </span>
     <span class='ocr_line' id='line_1_31' title="bbox 95 2852 1336 2938; baseline -0.002 -21"><span class='ocrx_word' id='word_1_271' title='bbox 95 2874 286 2938; x_wconf 89' lang='lat' dir='ltr'>componere</span> <span class='ocrx_word' id='word_1_272' title='bbox 301 2852 439 2929; x_wconf 89' lang='lat' dir='ltr'>instituit,</span> <span class='ocrx_word' id='word_1_273' title='bbox 455 2867 489 2916; x_wconf 91' lang='lat' dir='ltr'>ut</span> <span class='ocrx_word' id='word_1_274' title='bbox 500 2854 624 2935; x_wconf 85' lang='lat' dir='ltr'>quidam</span> <span class='ocrx_word' id='word_1_275' title='bbox 641 2854 774 2916; x_wconf 84' lang='lat' dir='ltr'>tradunt.</span> <span class='ocrx_word' id='word_1_276' title='bbox 817 2853 882 2916; x_wconf 90' lang='lat' dir='ltr'>Alii</span> <span class='ocrx_word' id='word_1_277' title='bbox 897 2854 963 2935; x_wconf 86' lang='lat' dir='ltr'>ejus</span> <span class='ocrx_word' id='word_1_278' title='bbox 979 2854 1136 2915; x_wconf 80' lang='lat' dir='ltr'>seutentiae</span> <span class='ocrx_word' id='word_1_279' title='bbox 1151 2867 1222 2917; x_wconf 90' lang='lat' dir='ltr'>sunt</span> <span class='ocrx_word' id='word_1_280' title='bbox 1234 2868 1268 2916; x_wconf 94' lang='lat' dir='ltr'>ut</span> <span class='ocrx_word' id='word_1_281' title='bbox 1282 2874 1336 2916; x_wconf 87' lang='lat' dir='ltr'>ex·</span> 
     </span>
     <span class='ocr_line' id='line_1_32' title="bbox 98 2936 1336 3022; baseline -0.002 -20"><span class='ocrx_word' id='word_1_282' title='bbox 98 2941 234 3004; x_wconf 87' lang='lat' dir='ltr'>istiment</span> <span class='ocrx_word' id='word_1_283' title='bbox 248 2959 328 3015; x_wconf 89' lang='lat' dir='ltr'>eum,</span> <span class='ocrx_word' id='word_1_284' title='bbox 344 2936 368 2998; x_wconf 94' lang='lat' dir='ltr'>si</span> <span class='ocrx_word' id='word_1_285' title='bbox 391 2938 505 3000; x_wconf 87' lang='lat' dir='ltr'>diutiirs</span> <span class='ocrx_word' id='word_1_286' title='bbox 526 2940 659 3015; x_wconf 85' lang='lat' dir='ltr'>vixisset,</span> <span class='ocrx_word' id='word_1_287' title='bbox 675 2952 808 3021; x_wconf 89' lang='lat' dir='ltr'>quatuor</span> <span class='ocrx_word' id='word_1_288' title='bbox 822 2952 852 3001; x_wconf 92' lang='lat' dir='ltr'>et</span> <span class='ocrx_word' id='word_1_289' title='bbox 867 2939 977 3015; x_wconf 81' lang='lat' dir='ltr'>viginti</span> <span class='ocrx_word' id='word_1_290' title='bbox 992 2938 1088 3001; x_wconf 91' lang='lat' dir='ltr'>libros</span> <span class='ocrx_word' id='word_1_291' title='bbox 1103 2961 1198 3022; x_wconf 90' lang='lat' dir='ltr'>usque</span> <span class='ocrx_word' id='word_1_292' title='bbox 1214 2940 1254 3001; x_wconf 86' lang='lat' dir='ltr'>ad</span> <span class='ocrx_word' id='word_1_293' title='bbox 1269 2940 1336 3001; x_wconf 90' lang='lat' dir='ltr'>Au-</span> 
     </span>
     <span class='ocr_line' id='line_1_33' title="bbox 98 3024 1337 3109; baseline -0.003 -20"><span class='ocrx_word' id='word_1_294' title='bbox 98 3027 182 3107; x_wconf 85' lang='lat' dir='ltr'>gusti</span> <span class='ocrx_word' id='word_1_295' title='bbox 206 3039 346 3109; x_wconf 87' lang='lat' dir='ltr'>tempora</span> <span class='ocrx_word' id='word_1_296' title='bbox 371 3024 571 3107; x_wconf 85' lang='lat' dir='ltr'>scripturum:</span> <span class='ocrx_word' id='word_1_297' title='bbox 606 3039 697 3107; x_wconf 88' lang='lat' dir='ltr'>atque</span> <span class='ocrx_word' id='word_1_298' title='bbox 720 3024 782 3087; x_wconf 88' lang='lat' dir='ltr'>alia</span> <span class='ocrx_word' id='word_1_299' title='bbox 806 3026 928 3107; x_wconf 89' lang='lat' dir='ltr'>quidem</span> <span class='ocrx_word' id='word_1_300' title='bbox 950 3043 1175 3107; x_wconf 81' lang='lat' dir='ltr'>percursurmn,</span> <span class='ocrx_word' id='word_1_301' title='bbox 1199 3024 1337 3103; x_wconf 80' lang='lat' dir='ltr'>Augusti</span> 
     </span>
     <span class='ocr_line' id='line_1_34' title="bbox 98 3108 1338 3194; baseline -0.003 -21"><span class='ocrx_word' id='word_1_302' title='bbox 98 3113 172 3175; x_wconf 77' lang='lat' dir='ltr'>verb</span> <span class='ocrx_word' id='word_1_303' title='bbox 197 3125 286 3194; x_wconf 88' lang='lat' dir='ltr'>gesta</span> <span class='ocrx_word' id='word_1_304' title='bbox 306 3108 540 3191; x_wconf 80' lang='lat' dir='ltr'>diligentissime</span> <span class='ocrx_word' id='word_1_305' title='bbox 564 3124 778 3173; x_wconf 82' lang='lat' dir='ltr'>executumm:</span> <span class='ocrx_word' id='word_1_306' title='bbox 801 3110 916 3194; x_wconf 86' lang='lat' dir='ltr'>quippe</span> <span class='ocrx_word' id='word_1_307' title='bbox 941 3111 992 3190; x_wconf 70' lang='lat' dir='ltr'>{pri</span> <span class='ocrx_word' id='word_1_308' title='bbox 1018 3110 1091 3169; x_wconf 89' lang='lat' dir='ltr'>dum</span> <span class='ocrx_word' id='word_1_309' title='bbox 1119 3109 1274 3184; x_wconf 81' lang='lat' dir='ltr'>scriberet,</span> <span class='ocrx_word' id='word_1_310' title='bbox 1298 3127 1338 3169; x_wconf 91' lang='lat' dir='ltr'>ne</span> 
     </span>
     <span class='ocr_line' id='line_1_35' title="bbox 98 3191 1337 3279; baseline -0.001 -21"><span class='ocrx_word' id='word_1_311' title='bbox 98 3198 174 3279; x_wconf 88' lang='lat' dir='ltr'>quid</span> <span class='ocrx_word' id='word_1_312' title='bbox 194 3198 340 3279; x_wconf 88' lang='lat' dir='ltr'>impetum</span> <span class='ocrx_word' id='word_1_313' title='bbox 360 3209 542 3271; x_wconf 89' lang='lat' dir='ltr'>moraretur,</span> <span class='ocrx_word' id='word_1_314' title='bbox 567 3197 709 3277; x_wconf 74' lang='lat' dir='ltr'>quendam</span> <span class='ocrx_word' id='word_1_315' title='bbox 733 3196 912 3278; x_wconf 70' lang='lat' dir='ltr'>imperfecta</span> <span class='ocrx_word' id='word_1_316' title='bbox 926 3193 1067 3273; x_wconf 86' lang='lat' dir='ltr'>reliquit:</span> <span class='ocrx_word' id='word_1_317' title='bbox 1091 3191 1153 3253; x_wconf 86' lang='lat' dir='ltr'>alia</span> <span class='ocrx_word' id='word_1_318' title='bbox 1176 3192 1337 3258; x_wconf 81' lang='lat' dir='ltr'>levissimis</span> 
     </span>
     <span class='ocr_line' id='line_1_36' title="bbox 100 3275 1338 3364; baseline -0.002 -20"><span class='ocrx_word' id='word_1_319' title='bbox 100 3283 239 3344; x_wconf 85' lang='lat' dir='ltr'>versibus</span> <span class='ocrx_word' id='word_1_320' title='bbox 252 3280 380 3363; x_wconf 88' lang='lat' dir='ltr'>scripsit,</span> <span class='ocrx_word' id='word_1_321' title='bbox 396 3303 474 3363; x_wconf 85' lang='lat' dir='ltr'>quos</span> <span class='ocrx_word' id='word_1_322' title='bbox 498 3302 553 3364; x_wconf 90' lang='lat' dir='ltr'>per</span> <span class='ocrx_word' id='word_1_323' title='bbox 566 3282 674 3361; x_wconf 89' lang='lat' dir='ltr'>jocum</span> <span class='ocrx_word' id='word_1_324' title='bbox 700 3303 756 3363; x_wconf 87' lang='lat' dir='ltr'>pro</span> <span class='ocrx_word' id='word_1_325' title='bbox 772 3279 880 3357; x_wconf 81' lang='lat' dir='ltr'>tigillis</span> <span class='ocrx_word' id='word_1_326' title='bbox 894 3275 944 3337; x_wconf 88' lang='lat' dir='ltr'>vel</span> <span class='ocrx_word' id='word_1_327' title='bbox 961 3276 1136 3339; x_wconf 85' lang='lat' dir='ltr'>tibicinibus</span> <span class='ocrx_word' id='word_1_328' title='bbox 1147 3278 1301 3361; x_wconf 90' lang='lat' dir='ltr'>interponi</span> <span class='ocrx_word' id='word_1_329' title='bbox 1317 3278 1338 3342; x_wconf 72' lang='lat' dir='ltr'>b</span> 
     </span>
     <span class='ocr_line' id='line_1_37' title="bbox 99 3362 1260 3448; baseline -0.003 -18"><span class='ocrx_word' id='word_1_330' title='bbox 99 3388 131 3430; x_wconf 78' lang='lat' dir='ltr'>se</span> <span class='ocrx_word' id='word_1_331' title='bbox 142 3368 277 3443; x_wconf 89' lang='lat' dir='ltr'>dicebat,</span> <span class='ocrx_word' id='word_1_332' title='bbox 293 3366 332 3427; x_wconf 89' lang='lat' dir='ltr'>ad</span> <span class='ocrx_word' id='word_1_333' title='bbox 348 3366 557 3427; x_wconf 88' lang='lat' dir='ltr'>sustinendum</span> <span class='ocrx_word' id='word_1_334' title='bbox 567 3386 654 3448; x_wconf 92' lang='lat' dir='ltr'>opus,</span> <span class='ocrx_word' id='word_1_335' title='bbox 671 3366 769 3427; x_wconf 84' lang='lat' dir='ltr'>dorice</span> <span class='ocrx_word' id='word_1_336' title='bbox 782 3364 891 3425; x_wconf 77' lang='lat' dir='ltr'>solidae</span> <span class='ocrx_word' id='word_1_337' title='bbox 906 3362 1058 3424; x_wconf 82' lang='lat' dir='ltr'>columine</span> <span class='ocrx_word' id='word_1_338' title='bbox 1072 3363 1260 3427; x_wconf 87' lang='lat' dir='ltr'>advenirent.</span> 
     </span>
    </p>

    <p class='ocr_par' dir='ltr' id='par_1_5' title="bbox 100 3446 1343 4705">
     <span class='ocr_line' id='line_1_38' title="bbox 140 3446 1339 3535; baseline -0.003 -20"><span class='ocrx_word' id='word_1_339' title='bbox 140 3452 295 3515; x_wconf 88' lang='lat' dir='ltr'>Bucolica</span> <span class='ocrx_word' id='word_1_340' title='bbox 309 3451 454 3526; x_wconf 89' lang='lat' dir='ltr'>triennio,</span> <span class='ocrx_word' id='word_1_341' title='bbox 475 3452 574 3513; x_wconf 78' lang='lat' dir='ltr'>Asinii</span> <span class='ocrx_word' id='word_1_342' title='bbox 590 3448 741 3513; x_wconf 90' lang='lat' dir='ltr'>Pollionis</span> <span class='ocrx_word' id='word_1_343' title='bbox 757 3470 859 3526; x_wconf 91' lang='lat' dir='ltr'>suasu,</span> <span class='ocrx_word' id='word_1_344' title='bbox 872 3448 1007 3531; x_wconf 85' lang='lat' dir='ltr'>perfecit.</span> <span class='ocrx_word' id='word_1_345' title='bbox 1052 3446 1114 3509; x_wconf 91' lang='lat' dir='ltr'>Ilic</span> <span class='ocrx_word' id='word_1_346' title='bbox 1133 3448 1339 3535; x_wconf 83' lang='lat' dir='ltr'>Transpada·</span> 
     </span>
     <span class='ocr_line' id='line_1_39' title="bbox 103 3534 1336 3621; baseline -0.002 -22"><span class='ocrx_word' id='word_1_347' title='bbox 103 3557 172 3599; x_wconf 89' lang='lat' dir='ltr'>nam</span> <span class='ocrx_word' id='word_1_348' title='bbox 185 3537 380 3621; x_wconf 88' lang='lat' dir='ltr'>provinciam</span> <span class='ocrx_word' id='word_1_349' title='bbox 394 3536 536 3614; x_wconf 73' lang='lat' dir='ltr'>regebat,</span> <span class='ocrx_word' id='word_1_350' title='bbox 560 3539 646 3618; x_wconf 77' lang='lat' dir='ltr'>cujus</span> <span class='ocrx_word' id='word_1_351' title='bbox 662 3538 775 3613; x_wconf 71' lang='lat' dir='ltr'>lavore,</span> <span class='ocrx_word' id='word_1_352' title='bbox 791 3536 860 3597; x_wconf 84' lang='lat' dir='ltr'>cum</span> <span class='ocrx_word' id='word_1_353' title='bbox 876 3534 1029 3595; x_wconf 87' lang='lat' dir='ltr'>veteranis</span> <span class='ocrx_word' id='word_1_354' title='bbox 1041 3534 1174 3613; x_wconf 78' lang='lat' dir='ltr'>Augusti</span> <span class='ocrx_word' id='word_1_355' title='bbox 1188 3534 1336 3598; x_wconf 82' lang='lat' dir='ltr'>militibus</span> 
     </span>
     <span class='ocr_line' id='line_1_40' title="bbox 101 3618 1336 3704; baseline -0.003 -19"><span class='ocrx_word' id='word_1_356' title='bbox 101 3621 357 3685; x_wconf 86' lang='lat' dir='ltr'>Cremonensium</span> <span class='ocrx_word' id='word_1_357' title='bbox 384 3634 414 3682; x_wconf 92' lang='lat' dir='ltr'>et</span> <span class='ocrx_word' id='word_1_358' title='bbox 436 3618 675 3683; x_wconf 84' lang='lat' dir='ltr'>Mantuanorum</span> <span class='ocrx_word' id='word_1_359' title='bbox 699 3623 766 3704; x_wconf 87' lang='lat' dir='ltr'>agri</span> <span class='ocrx_word' id='word_1_360' title='bbox 791 3621 1055 3693; x_wconf 86' lang='lat' dir='ltr'>distrilnrercntur,</span> <span class='ocrx_word' id='word_1_361' title='bbox 1083 3640 1153 3679; x_wconf 86' lang='lat' dir='ltr'>suos</span> <span class='ocrx_word' id='word_1_362' title='bbox 1182 3618 1336 3695; x_wconf 83' lang='lat' dir='ltr'>Virgilius</span> 
     </span>
     <span class='ocr_line' id='line_1_41' title="bbox 100 3703 1335 3783; baseline -0.005 -13"><span class='ocrx_word' id='word_1_363' title='bbox 100 3728 161 3771; x_wconf 90' lang='lat' dir='ltr'>non</span> <span class='ocrx_word' id='word_1_364' title='bbox 176 3708 289 3769; x_wconf 84' lang='lat' dir='ltr'>amisit.</span> <span class='ocrx_word' id='word_1_365' title='bbox 335 3704 434 3768; x_wconf 76' lang='lat' dir='ltr'>Facti</span> <span class='ocrx_word' id='word_1_366' title='bbox 456 3706 538 3767; x_wconf 90' lang='lat' dir='ltr'>enim</span> <span class='ocrx_word' id='word_1_367' title='bbox 562 3706 784 3783; x_wconf 86' lang='lat' dir='ltr'>distributione,</span> <span class='ocrx_word' id='word_1_368' title='bbox 806 3728 888 3781; x_wconf 89' lang='lat' dir='ltr'>suos,</span> <span class='ocrx_word' id='word_1_369' title='bbox 905 3703 1042 3767; x_wconf 83' lang='lat' dir='ltr'>Claudio</span> <span class='ocrx_word' id='word_1_370' title='bbox 1067 3724 1118 3763; x_wconf 89' lang='lat' dir='ltr'>sen</span> <span class='ocrx_word' id='word_1_371' title='bbox 1135 3704 1211 3765; x_wconf 91' lang='lat' dir='ltr'>Ario</span> <span class='ocrx_word' id='word_1_372' title='bbox 1235 3705 1335 3781; x_wconf 86' lang='lat' dir='ltr'>datos,</span> 
     </span>
     <span class='ocr_line' id='line_1_42' title="bbox 100 3789 1336 3877; baseline -0.003 -22"><span class='ocrx_word' id='word_1_373' title='bbox 100 3792 305 3877; x_wconf 85' lang='lat' dir='ltr'>recuperavit.</span> <span class='ocrx_word' id='word_1_374' title='bbox 350 3790 444 3853; x_wconf 87' lang='lat' dir='ltr'>Hunc</span> <span class='ocrx_word' id='word_1_375' title='bbox 466 3789 640 3854; x_wconf 88' lang='lat' dir='ltr'>Pollionem</span> <span class='ocrx_word' id='word_1_376' title='bbox 655 3792 787 3853; x_wconf 75' lang='lat' dir='ltr'>maximi&gt;</span> <span class='ocrx_word' id='word_1_377' title='bbox 803 3794 919 3853; x_wconf 87' lang='lat' dir='ltr'>amavit</span> <span class='ocrx_word' id='word_1_378' title='bbox 932 3789 1036 3867; x_wconf 86' lang='lat' dir='ltr'>Maro,</span> <span class='ocrx_word' id='word_1_379' title='bbox 1058 3804 1086 3850; x_wconf 91' lang='lat' dir='ltr'>et</span> <span class='ocrx_word' id='word_1_380' title='bbox 1102 3790 1229 3851; x_wconf 88' lang='lat' dir='ltr'>dilectus</span> <span class='ocrx_word' id='word_1_381' title='bbox 1243 3790 1281 3850; x_wconf 92' lang='lat' dir='ltr'>ab</span> <span class='ocrx_word' id='word_1_382' title='bbox 1297 3810 1336 3851; x_wconf 91' lang='lat' dir='ltr'>eo</span> 
     </span>
     <span class='ocr_line' id='line_1_43' title="bbox 100 3874 1336 3961; baseline -0.006 -20"><span class='ocrx_word' id='word_1_383' title='bbox 100 3898 216 3961; x_wconf 84' lang='lat' dir='ltr'>magna</span> <span class='ocrx_word' id='word_1_384' title='bbox 230 3896 360 3939; x_wconf 89' lang='lat' dir='ltr'>munera</span> <span class='ocrx_word' id='word_1_385' title='bbox 382 3875 468 3955; x_wconf 74' lang='lat' dir='ltr'>tulit,</span> <span class='ocrx_word' id='word_1_386' title='bbox 491 3876 604 3959; x_wconf 88' lang='lat' dir='ltr'>quippe</span> <span class='ocrx_word' id='word_1_387' title='bbox 616 3878 667 3959; x_wconf 88' lang='lat' dir='ltr'>qui</span> <span class='ocrx_word' id='word_1_388' title='bbox 683 3878 828 3939; x_wconf 88' lang='lat' dir='ltr'>invitatus</span> <span class='ocrx_word' id='word_1_389' title='bbox 841 3876 881 3936; x_wconf 90' lang='lat' dir='ltr'>ad</span> <span class='ocrx_word' id='word_1_390' title='bbox 896 3896 1027 3951; x_wconf 81' lang='lat' dir='ltr'>coenarn,</span> <span class='ocrx_word' id='word_1_391' title='bbox 1043 3890 1150 3957; x_wconf 87' lang='lat' dir='ltr'>captus</span> <span class='ocrx_word' id='word_1_392' title='bbox 1167 3874 1336 3957; x_wconf 88' lang='lat' dir='ltr'>pulchritu-</span> 
     </span>
     <span class='ocr_line' id='line_1_44' title="bbox 100 3958 1337 4044; baseline -0.004 -20"><span class='ocrx_word' id='word_1_393' title='bbox 100 3964 168 4026; x_wconf 87' lang='lat' dir='ltr'>dine</span> <span class='ocrx_word' id='word_1_394' title='bbox 183 3976 216 4025; x_wconf 89' lang='lat' dir='ltr'>et</span> <span class='ocrx_word' id='word_1_395' title='bbox 229 3961 391 4043; x_wconf 73' lang='lat' dir='ltr'>diligentis</span> <span class='ocrx_word' id='word_1_396' title='bbox 402 3962 572 4023; x_wconf 87' lang='lat' dir='ltr'>Alexandri</span> <span class='ocrx_word' id='word_1_397' title='bbox 584 3961 736 4024; x_wconf 90' lang='lat' dir='ltr'>Pollionis</span> <span class='ocrx_word' id='word_1_398' title='bbox 751 3961 848 4044; x_wconf 90' lang='lat' dir='ltr'>pueri,</span> <span class='ocrx_word' id='word_1_399' title='bbox 864 3981 934 4020; x_wconf 92' lang='lat' dir='ltr'>eum</span> <span class='ocrx_word' id='word_1_400' title='bbox 959 3960 1041 4021; x_wconf 92' lang='lat' dir='ltr'>dono</span> <span class='ocrx_word' id='word_1_401' title='bbox 1057 3960 1185 4041; x_wconf 89' lang='lat' dir='ltr'>accepit.</span> <span class='ocrx_word' id='word_1_402' title='bbox 1230 3958 1337 4039; x_wconf 84' lang='lat' dir='ltr'>Hujus</span> 
     </span>
     <span class='ocr_line' id='line_1_45' title="bbox 100 4042 1338 4121; baseline -0.005 -12"><span class='ocrx_word' id='word_1_403' title='bbox 100 4046 254 4113; x_wconf 87' lang='lat' dir='ltr'>Pollionis</span> <span class='ocrx_word' id='word_1_404' title='bbox 277 4046 373 4109; x_wconf 90' lang='lat' dir='ltr'>lilium</span> <span class='ocrx_word' id='word_1_405' title='bbox 395 4044 436 4109; x_wconf 88' lang='lat' dir='ltr'>C.</span> <span class='ocrx_word' id='word_1_406' title='bbox 461 4047 603 4109; x_wconf 88' lang='lat' dir='ltr'>Asinium</span> <span class='ocrx_word' id='word_1_407' title='bbox 625 4046 806 4109; x_wconf 84' lang='lat' dir='ltr'>Cornelium</span> <span class='ocrx_word' id='word_1_408' title='bbox 828 4042 964 4121; x_wconf 87' lang='lat' dir='ltr'>Gallum,</span> <span class='ocrx_word' id='word_1_409' title='bbox 987 4059 1140 4105; x_wconf 72' lang='lat' dir='ltr'>curatorem</span> <span class='ocrx_word' id='word_1_410' title='bbox 1163 4044 1291 4115; x_wconf 83' lang='lat' dir='ltr'>clarum,</span> <span class='ocrx_word' id='word_1_411' title='bbox 1306 4054 1338 4103; x_wconf 88' lang='lat' dir='ltr'>et</span> 
     </span>
     <span class='ocr_line' id='line_1_46' title="bbox 101 4126 1337 4215; baseline -0.01 -20"><span class='ocrx_word' id='word_1_412' title='bbox 101 4138 226 4215; x_wconf 75' lang='lat' dir='ltr'>politam</span> <span class='ocrx_word' id='word_1_413' title='bbox 242 4153 306 4195; x_wconf 91' lang='lat' dir='ltr'>non</span> <span class='ocrx_word' id='word_1_414' title='bbox 318 4132 514 4208; x_wconf 89' lang='lat' dir='ltr'>mediocrem,</span> <span class='ocrx_word' id='word_1_415' title='bbox 527 4130 605 4193; x_wconf 93' lang='lat' dir='ltr'>miro</span> <span class='ocrx_word' id='word_1_416' title='bbox 617 4154 722 4193; x_wconf 88' lang='lat' dir='ltr'>aurore</span> <span class='ocrx_word' id='word_1_417' title='bbox 734 4130 839 4193; x_wconf 85' lang='lat' dir='ltr'>dilexit</span> <span class='ocrx_word' id='word_1_418' title='bbox 851 4128 1013 4213; x_wconf 85' lang='lat' dir='ltr'>Virgilius.</span> <span class='ocrx_word' id='word_1_419' title='bbox 1057 4129 1088 4191; x_wconf 91' lang='lat' dir='ltr'>ls</span> <span class='ocrx_word' id='word_1_420' title='bbox 1101 4128 1255 4189; x_wconf 88' lang='lat' dir='ltr'>transtulit</span> <span class='ocrx_word' id='word_1_421' title='bbox 1270 4126 1337 4185; x_wconf 87' lang='lat' dir='ltr'>Eu-</span> 
     </span>
     <span class='ocr_line' id='line_1_47' title="bbox 102 4208 1338 4300; baseline -0.01 -22"><span class='ocrx_word' id='word_1_422' title='bbox 102 4218 283 4300; x_wconf 86' lang='lat' dir='ltr'>phoriouem</span> <span class='ocrx_word' id='word_1_423' title='bbox 308 4219 340 4281; x_wconf 91' lang='lat' dir='ltr'>in</span> <span class='ocrx_word' id='word_1_424' title='bbox 366 4216 533 4296; x_wconf 80' lang='lat' dir='ltr'>Latinunr3</span> <span class='ocrx_word' id='word_1_425' title='bbox 554 4231 584 4279; x_wconf 91' lang='lat' dir='ltr'>et</span> <span class='ocrx_word' id='word_1_426' title='bbox 606 4217 693 4279; x_wconf 90' lang='lat' dir='ltr'>libris</span> <span class='ocrx_word' id='word_1_427' title='bbox 719 4230 848 4295; x_wconf 84' lang='lat' dir='ltr'>quatuor</span> <span class='ocrx_word' id='word_1_428' title='bbox 873 4237 991 4278; x_wconf 88' lang='lat' dir='ltr'>amores</span> <span class='ocrx_word' id='word_1_429' title='bbox 1013 4236 1083 4277; x_wconf 88' lang='lat' dir='ltr'>suos</span> <span class='ocrx_word' id='word_1_430' title='bbox 1105 4215 1143 4274; x_wconf 90' lang='lat' dir='ltr'>de</span> <span class='ocrx_word' id='word_1_431' title='bbox 1166 4208 1338 4292; x_wconf 74' lang='lat' dir='ltr'>Cytheride</span> 
     </span>
     <span class='ocr_line' id='line_1_48' title="bbox 103 4291 1339 4387; baseline -0.013 -22"><span class='ocrx_word' id='word_1_432' title='bbox 103 4302 235 4384; x_wconf 82' lang='lat' dir='ltr'>scripsit</span> <span class='ocrx_word' id='word_1_433' title='bbox 277 4302 341 4366; x_wconf 88' lang='lat' dir='ltr'>Hic</span> <span class='ocrx_word' id='word_1_434' title='bbox 355 4303 455 4387; x_wconf 74' lang='lat' dir='ltr'>primi)</span> <span class='ocrx_word' id='word_1_435' title='bbox 468 4304 501 4364; x_wconf 92' lang='lat' dir='ltr'>iu</span> <span class='ocrx_word' id='word_1_436' title='bbox 515 4302 649 4365; x_wconf 81' lang='lat' dir='ltr'>amicitiai</span> <span class='ocrx_word' id='word_1_437' title='bbox 664 4299 803 4363; x_wconf 65' lang='lat' dir='ltr'>Caesaris</span> <span class='ocrx_word' id='word_1_438' title='bbox 817 4304 949 4384; x_wconf 85' lang='lat' dir='ltr'>Augusti</span> <span class='ocrx_word' id='word_1_439' title='bbox 966 4301 1039 4380; x_wconf 82' lang='lat' dir='ltr'>l&#39;uit3</span> <span class='ocrx_word' id='word_1_440' title='bbox 1061 4298 1167 4383; x_wconf 72' lang='lat' dir='ltr'>posteri</span> <span class='ocrx_word' id='word_1_441' title='bbox 1182 4297 1214 4355; x_wconf 88' lang='lat' dir='ltr'>in</span> <span class='ocrx_word' id='word_1_442' title='bbox 1238 4291 1339 4373; x_wconf 88' lang='lat' dir='ltr'>suspi-</span> 
     </span>
     <span class='ocr_line' id='line_1_49' title="bbox 105 4380 1339 4469; baseline -0.009 -22"><span class='ocrx_word' id='word_1_443' title='bbox 105 4388 230 4449; x_wconf 88' lang='lat' dir='ltr'>cionem</span> <span class='ocrx_word' id='word_1_444' title='bbox 244 4389 460 4469; x_wconf 85' lang='lat' dir='ltr'>conjnrationis</span> <span class='ocrx_word' id='word_1_445' title='bbox 474 4401 579 4449; x_wconf 91' lang='lat' dir='ltr'>contra</span> <span class='ocrx_word' id='word_1_446' title='bbox 592 4384 682 4445; x_wconf 90' lang='lat' dir='ltr'>illurn</span> <span class='ocrx_word' id='word_1_447' title='bbox 701 4384 861 4463; x_wconf 87' lang='lat' dir='ltr'>adductus,</span> <span class='ocrx_word' id='word_1_448' title='bbox 877 4390 995 4449; x_wconf 85' lang='lat' dir='ltr'>occisus</span> <span class='ocrx_word' id='word_1_449' title='bbox 1010 4398 1064 4447; x_wconf 88' lang='lat' dir='ltr'>est.</span> <span class='ocrx_word' id='word_1_450' title='bbox 1109 4380 1226 4441; x_wconf 85' lang='lat' dir='ltr'>Verinn</span> <span class='ocrx_word' id='word_1_451' title='bbox 1241 4394 1339 4457; x_wconf 86' lang='lat' dir='ltr'>usque</span> 
     </span>
     <span class='ocr_line' id='line_1_50' title="bbox 107 4460 1340 4553; baseline -0.011 -20"><span class='ocrx_word' id='word_1_452' title='bbox 107 4470 181 4533; x_wconf 72' lang='lat' dir='ltr'>ttleti</span> <span class='ocrx_word' id='word_1_453' title='bbox 200 4471 284 4532; x_wconf 90' lang='lat' dir='ltr'>hunc</span> <span class='ocrx_word' id='word_1_454' title='bbox 303 4471 427 4535; x_wconf 82' lang='lat' dir='ltr'>Gallum</span> <span class='ocrx_word' id='word_1_455' title='bbox 441 4470 586 4551; x_wconf 79' lang='lat' dir='ltr'>Virgilius</span> <span class='ocrx_word' id='word_1_456' title='bbox 604 4468 741 4545; x_wconf 68' lang='lat' dir='ltr'>amicat,</span> <span class='ocrx_word' id='word_1_457' title='bbox 762 4483 798 4531; x_wconf 90' lang='lat' dir='ltr'>ut</span> <span class='ocrx_word' id='word_1_458' title='bbox 823 4486 946 4553; x_wconf 86' lang='lat' dir='ltr'>quartus</span> <span class='ocrx_word' id='word_1_459' title='bbox 962 4470 1187 4551; x_wconf 69' lang='lat' dir='ltr'>Georgicorum</span> <span class='ocrx_word' id='word_1_460' title='bbox 1203 4462 1222 4523; x_wconf 82' lang='lat' dir='ltr'>it</span> <span class='ocrx_word' id='word_1_461' title='bbox 1236 4460 1340 4524; x_wconf 84' lang='lat' dir='ltr'>medio</span> 
     </span>
     <span class='ocr_line' id='line_1_51' title="bbox 109 4550 1343 4643; baseline -0.011 -26"><span class='ocrx_word' id='word_1_462' title='bbox 109 4574 202 4637; x_wconf 80' lang='lat' dir='ltr'>utque</span> <span class='ocrx_word' id='word_1_463' title='bbox 217 4554 261 4617; x_wconf 87' lang='lat' dir='ltr'>ad</span> <span class='ocrx_word' id='word_1_464' title='bbox 275 4555 363 4617; x_wconf 86' lang='lat' dir='ltr'>linem</span> <span class='ocrx_word' id='word_1_465' title='bbox 376 4558 439 4637; x_wconf 88' lang='lat' dir='ltr'>ejus</span> <span class='ocrx_word' id='word_1_466' title='bbox 461 4555 575 4615; x_wconf 83' lang='lat' dir='ltr'>laudem</span> <span class='ocrx_word' id='word_1_467' title='bbox 589 4550 769 4623; x_wconf 69' lang='lat' dir='ltr'>cvssfineret</span> <span class='ocrx_word' id='word_1_468' title='bbox 776 4575 789 4635; x_wconf 91' lang='lat'>;</span> <span class='ocrx_word' id='word_1_469' title='bbox 813 4577 903 4641; x_wconf 64' lang='lat' dir='ltr'>ciuem</span> <span class='ocrx_word' id='word_1_470' title='bbox 915 4558 1032 4643; x_wconf 67' lang='lat' dir='ltr'>postes,</span> <span class='ocrx_word' id='word_1_471' title='bbox 1041 4554 1171 4637; x_wconf 88' lang='lat' dir='ltr'>jubente</span> <span class='ocrx_word' id='word_1_472' title='bbox 1184 4550 1343 4630; x_wconf 77' lang='lat' dir='ltr'>Augusto,</span> 
     </span>
     <span class='ocr_line' id='line_1_52' title="bbox 112 4633 631 4705; baseline -0.004 -3"><span class='ocrx_word' id='word_1_473' title='bbox 112 4636 281 4704; x_wconf 71' lang='lat' dir='ltr'>&#39;nAristoei</span> <span class='ocrx_word' id='word_1_474' title='bbox 294 4639 424 4705; x_wconf 70' lang='lat' dir='ltr'>tabulam</span> <span class='ocrx_word' id='word_1_475' title='bbox 435 4633 631 4703; x_wconf 81' lang='lat' dir='ltr'>commutavit·</span> 
     </span>
    </p>
   </div>
   <div class='ocr_carea' id='block_1_3' title="bbox 0 0 1456 5024">
    <p class='ocr_par' dir='ltr' id='par_1_6' title="bbox 0 0 1456 5024">
     <span class='ocr_line' id='line_1_53' title="bbox 0 0 1456 5024; baseline 0 0"><span class='ocrx_word' id='word_1_476' title='bbox 0 0 1456 5024; x_wconf 95' lang='lat' dir='ltr'> </span> 
     </span>
    </p>
   </div>
  </div>
 </body>
</html>
